4500 6184
1025 457 1391 547 emme.
1424 456 1678 543 Scan.
1711 454 1860 543 VI.
1893 453 2094 539 Cu.
2127 450 2360 539 VIII.
2408 450 2781 538 Ducum.
3132 458 3305 549 2383

411 610 510 697 Oi
559 609 778 721 χῖλιοι
837 607 1230 721 Σαλωμῶν
1258 668 1285 711 ,
1343 606 1470 691 καὶ
1535 607 1594 691 οἱ
1656 600 2014 689 &naxio-m
2069 604 2216 696 τοῖς
2274 608 2547 716 τηροῦσι
2612 600 2731 687 τὸν
2798 597 3067 715 καρπὸν
3134 607 3352 690 atii-03
3388 662 3417 691 0

393 749 618 833 Hinc
675 746 1188 833 obscuritatis
1244 774 1534 829 causac
1601 774 1776 829 sese
1831 747 2049 854 ipsae
2108 742 2447 825 eruditis
2493 742 2751 855 sfacile
2824 746 3186 851 produnt
3220 802 3243 825 .
3326 814 3333 820 .

628 890 998 973 Dilectus
1057 884 1162 971 ab
1213 888 1478 969 extasi
1537 882 2180 971 Sulammitham
2237 912 2625 967 revocans
2660 920 2729 994 ,·
2839 1000 2843 1004 ῃ

446 1028 622 1117 -13
705 1027 776 1113 Ο
829 1055 1044 1141 quae
1101 1028 1182 1109 in
1243 1023 1526 1111 Hunis
1595 1026 1928 1111 habitas
1962 1089 1988 1136 ,
2057 1021 2753 1140 Praestigiatores
2820 1054 3110 1126 vocem
3182 1038 3421 1112 tuam

734 1170 1218 1255 auscultant
1261 1146 1302 1251 :¹
1345 1165 1723 1251 auditum
1780 1196 1912 1251 me
1945 1165 2218 1279 fitcito
2256 1227 2277 1248 .

625 1314 698 1397 Ο
747 1340 954 1427 quae
1016 1324 1298 1394 mente
1383 1338 1612 1393 nunc
1681 1312 1776 1391 in
1817 1308 2174 1393 Judaeae
2231 1313 2577 1395 versaris
2646 1309 3119 1428 regionibus
3153 1379 3178 1427 ,
3242 1322 3425 1435 agi-

387 1475 678 1574 fasque
738 1458 1094 1541 rationes
1151 1447 1446 1565 quibus
1505 1450 1723 1533 illius
1785 1451 2228 1561 imperium
2310 1468 2637 1569 gestura
2708 1484 2789 1537 es
2822 1516 2849 1565 ,
2922 1452 3413 1573 Praestigia-

389 1619 610 1685 tores
694 1624 1132 1710 praecones
1215 1593 1814 1704 superstitionis
1855 1590 2335 1677 Antichristi
2405 1610 2487 1677 te
2546 1595 3023 1709 loquentem
3080 1602 3419 1687 auscul-

385 1756 578 1824 tant
606 1800 634 1848 ‚
689 1756 773 1823 et
843 1740 1148 1823 adsunt
1177 1798 1198 1819 .
1257 1735 1429 1823 Illis
1485 1738 1864 1821 auditum
1917 1761 2056 1821 me
2109 1738 2352 1821 facito
2383 1801 2409 1848 ‚
2482 1755 2567 1823 et
2626 1743 2723 1823 de
2778 1771 2917 1825 me
2975 1746 3353 1853 praedica
3394 1820 3423 1865 ‚

386 1900 492 1968 ut
572 1884 1022 1997 praestigiis
1053 1945 1078 1993 ,
1163 1876 1606 1967 sceleribus
1670 1880 2072 1964 Draconis
2118 1941 2146 1991 ‚
2229 1894 2315 1960 et
2393 1879 2611 1964 illius
2682 1880 3009 1971 Belluae
3111 1887 3427 1973 nefario

395 2024 632 2110 cultu
691 2026 990 2108 relictis
1025 2088 1052 2134 ‚
1111 2026 1216 2107 ad
1267 2052 1402 2105 me
1473 2025 1817 2109 veniant
1845 2084 1870 2105 .

631 2168 764 2253 D'e
823 2167 1274 2282 praestigiis
1317 2165 1799 2252 Antichristi
1831 2230 1858 2277 ,
1904 2164 2667 2277 Pseudoprophetae
2726 2170 3093 2276 ejusdem
3123 2233 3149 2280 ‚
3210 2169 3425 2253 alio-

385 2338 746 2425 rumque
805 2312 1309 2421 perditorum
1353 2309 1794 2394 hominum
1836 2306 2054 2396 illius
2115 2310 2505 2417 temporis
2564 2310 2973 2418 praeclara
3032 2327 3237 2395 sunt
3279 2344 3431 2399 va·-

385 2452 680 2535 ticinia
712 2512 731 2533 .
825 2448 1035 2533 Satis
1117 2450 1252 2532 hic
1333 2451 1440 2533 sit
1496 2466 1768 2534 unum
1837 2447 1942 2533 ab
1999 2446 2492 2565 Apocalypsi
2550 2453 2907 2561 proferre
2942 2512 2961 2535 .
3078 2451 3275 2535 Vidi
3330 2452 3438 2536 de

385 2620 536 2678 ore
577 2590 986 2677 Draconis
1021 2654 1044 2699 ‚
1097 2603 1176 2673 et
1216 2587 1320 2671 cle
1375 2616 1518 2673 ore
1557 2586 1888 2675 ‘Bestiae
1920 2652 1945 2697 ,
1987 2602 2066 2671 et
2125 2588 2229 2673 cle
2288 2602 2426 2673 ore
2467 2568 3253 2701 Pseudoprophetde
3302 2596 3427 2703 (ι)

386 2734 756 2845 Spiritus
817 2746 980 2815 tres
1039 2728 1502 2815 immundos
1561 2730 1644 2814 in
1703 2727 2036 2812 modum
2093 2752 2489 2821 ranarum
2527 2792 2547 2813 .
2598 2731 2811 2816 Sunt
2878 2734 3089 2815 enim
3153 2732 3432 2843 Spiri-

389 2887 535 2957 tus
619 2872 1228 2957 daemoniorum
1294 2868 1710 2983 facientes
1793 2872 2038 2984 signa
2126 2878 2240 2978 (2)
2278 2937 2301 2982 ‚
2386 2904 2529 2984 per
2582 2875 2981 2959 homines
3039 2876 3424 2983 scilicet5

393 3010 700 3127 quibus
759 3016 1176 3099 immundi
1233 3012 1580 3125 Spiritus
1639 3010 1742 3099 ab
1799 3016 2232 3097 immunda
2303 3015 2445 3101 illa
2518 3018 2881 3102 trinitate
2954 3016 3435 3101 communi-

399 3150 807 3239 cabantur
837 3216 860 3239 .

411 3346 422 3357 ·
483 3376 488 3381 .
633 3294 1328 3415 Praestigiaiores
1363 3362 1385 3381 .
1463 3300 1691 3386 Duas
1751 3298 2007 3389 hahet.
2059 3298 2409 3387 verbum
2489 3313 2649 3411 '³3¹3
2733 3302 3371 3418 significationes
3407 3358 3434 3407 ,

399 3445 750 3529 alteram
801 3446 1164 3529 sociavit
1195 3505 1222 3553 ‚
1283 3445 1628 3529 alteram
1685 3447 2146 3532 incantavit
2199 3450 2316 3553 (5)
2356 3508 2374 3531 .
2434 3446 3114 3557 Eam'duplicem
3172 3446 3437 3560 signi-

399 3588 877 3671 ficationem
933 3613 1252 3669 nomen
1309 3614 1628 3701 quoque
1684 3599 1840 3695 ‘'t-3¹2
1880 3649 1903 3694 ‚
1965 3588 2182 3698 quod
2241 3588 2374 3672 hic
2436 3604 2611 3695 est,
2674 3583 2776 3671 ab
2836 3615 2931 3675 eo
2988 3582 3242 3671 verbo
3288 3588 3439 3669 de·-

403 3730 770 3815 rivatum
865 3733 1216 3814 retineat
1289 3748 1671 3841 oportet,
1745 3747 1844 3814 ut
1925 3758 2100 3813 non
2153 3732 2401 3828 modo
2473 3734 2581 3815 sit
2630 3732 2912 3815 socius
2946 3792 2971 3841 ,
3055 3729 3368 3819 sodalis
3420 3809 3445 3857 ,

401 3872 730 3956 amicus
765 3932 790 3980 ,
863 3900 1158 3953 verum
1243 3874 1496 3955 etiam
1561 3871 2079 3995 incantetur,
2159 3875 2805 3989 praestigiator3
2896 3875 3441 3990 quemadmo-

409 4010 622 4093 dum
661 4014 884 4095 aliud
941 4016 1142 4097 item
1205 4018 1658 4102 derivatum
1719 4047 2034 4102 nomen
2090 4024 2250 4129 Ἶξζ]
2310 4046 2485 4099 non
2526 4018 2797 4101 solum
2852 4034 2973 4103 est
3026 4014 3443 4119 societas>

407 4156 560 4239 ned
615 4157 870 4239 etiam
921 4158 1372 4243 incantatio
1439 4164 1552 4271 (4)
1591 4222 1612 4244 .
1678 4160 1916 4245 Hanc
1978 4162 2098 4243 illi
2157 4164 2483 4245 nomini
2538 4163 3243 4277 significationem
3286 4160 3441 4242 hoc

1935 4334 1990 4387 n
2047 4334 2102 4389 n
2163 4332 2224 4389 2

458 4640 474 4653 ,
503 4580 596 4659 (ι)
643 4575 1030 4649 Exsectabils
1093 4579 1246 4655 haee
1309 4583 1409 4657 ea<
1450 4596 1880 4673 gornmsems·
1959 4602 1970 4655 ;
2013 4584 2144 4663 ,(ι)
2201 4581 2397 4664 Apne.
2444 4578 2619 4648 xvt.
2667 4599 2765 4660 ις.
2845 4633 2853 4642 .
2954 4598 2965 4609 ·

420 4705 650 4771 porum
709 4690 946 4755 ttinitas
1009 4692 1160 4757 totis
1221 4693 1456 4759 instans
1519 4693 1753 4762 viribus
1816 4708 1886 4759 ut
2063 4698 2154 4779 (ζ)
2203 4690 2511 4757 Montald.
2560 4712 2702 4779 pag.
2756 4696 2903 4756 κει.

421 4800 888 4866 Sacrosanctam
921 4803 1299 4869 Trinitatem
1329 4804 1598 4887 expellat
1634 4828 1668 4870 a
1713 4810 1894 4869 mett·
2035 4811 2158 4892 *(4)
2212 4803 2391 4871 Idem
2436 4822 2583 4891 pag.
2634 4810 2776 4884 ²⁸3·

424 4906 592 4969 tibus
655 4910 1044 4987 hominum,
1109 4930 1170 4981 et
1233 4916 1298 4982 in
1360 4918 1640 4999 ejusdem
1683 4917 1898 4983 locum

427 5020 766 5087 succedat.
