4500 6184
1142 448 1252 561 76
1919 471 2022 528 nn
2063 443 2363 541 Canen
2422 445 2976 536 VAthmmM
3022 443 3142 534 Π.

1017 594 1142 700 mi
1197 611 1680 698 semperque
1735 611 2120 701 praesens
2191 587 2418 672 dolor
2463 651 2486 696 ,
2564 604 2955 702 tantaque
3012 591 3435 705 aegritudo
3482 655 3505 701 ‚
3566 593 3745 702 fieri
3812 589 4059 676 nullo

1014 735 1264 817 modo
1312 743 1630 842 poterat
1693 727 1914 834 (nisi
1973 725 2146 836 ipse
2204 729 2815 836 impedivisset3
2882 731 3103 842 quod
3154 729 3479 832 noluit)
3544 734 3751 846 quin
3792 736 4051 818 etiam

1016 875 1110 960 in
1167 877 1420 986 ipsius
1485 899 1772 981 corpus
1835 873 1948 952 ita
2007 872 2615 988 redundarent,
2662 888 2759 954 ut
2800 899 3089 954 omnes
3132 873 3307 956 solo
3366 874 3681 958 intuitu
3740 903 4055 988 cogno-

1013 1030 1337 1102 scerent
1370 1075 1394 1122 ‚
1466 1013 1706 1094 illum
1769 1039 1940 1094 esse
1999 1012 2565 1097 miserrimum
2624 1016 3009 1100 omnium
3068 1016 3509 1100 hominum
3542 1081 3566 1126 ‚
3632 1019 3783 1114 etsi
3838 1045 4057 1131 quae

1017 1173 1230 1244 esset.
1301 1156 1520 1240 illius
1579 1155 2100 1238 miseriarum
2158 1184 2401 1241 causa
2456 1161 2807 1240 minime
2868 1173 3453 1272 cognoscerent
3483 1220 3502 1239 .
3566 1155 3863 1242 Miseri
3908 1189 4061 1244 aue

1009 1309 1186 1382 tem
1245 1298 1620 1380 homines
1671 1298 1934 1404 (adeo
1991 1299 2379 1382 mortales
2404 1297 2771 1412 improbi
2828 1300 3170 1384 sumus!
3210 1303 3241 1404 )
3302 1301 3709 1415 plerisque
3766 1303 4051 1384 omni—

1006 1437 1166 1524 bus
1233 1439 1534 1549 invisi,
1615 1440 1930 1543 odiosi,
2015 1438 2397 1548 molesti3
2474 1443 2953 1560 praesertim
3020 1470 3215 1524 vero
3274 1442 3725 1528 delicatulis
3796 1457 4051 1557 atque

1007 1579 1440 1686 ditioribus
1473 1644 1498 1692 ,
1567 1577 1866 1694 quibus
1927 1578 2138 1660 nihil
2183 1607 2465 1662 carum
2528 1585 2687 1664 nisi
2734 1610 3021 1666 eorum
3080 1584 3349 1666 simile
3380 1646 3403 1692 ,
3468 1585 3681 1668 nihil
3739 1585 4043 1693 jucun-

1006 1729 1216 1830 dum
1261 1727 1424 1808 nisi
1467 1722 1830 1826 hilarum
1860 1786 1884 1831 ‚
1933 1722 2144 1804 nihil
2199 1751 2447 1806 suave
2489 1727 2655 1806 nisi
2710 1753 3213 1833 amoenum,
3280 1725 3456 1840 nisi·
3508 1727 3779 1811 ridens
3812 1789 3836 1835 ,
3882 1723 4043 1808 nisi

1011 1870 1381 1977 jocosum
1417 1897 1438 1974 3
1469 1971 1476 1979 ι
1507 1877 1773 1946 cetera
1845 1861 2034 1945 odio
2107 1879 2697 1978 contemtuque
2768 1865 3251 1978 dignissima
3284 1927 3309 1978 ⁰.
3378 1865 3503 1948 Ita
3557 1871 4047 1978 praeclario-

1005 2008 1238 2094 ribus
1297 2007 1634 2090 Judaeis
1680 2002 1782 2088 ab
1828 2008 2340 2122 aegritudine
2398 2007 2715 2116 animi,
2778 2032 3029 2119 quam
3087 2005 3437 2092 Messias
3495 2008 3733 2092 vultu
3790 2012 4041 2106 etiam,

1001 2179 1194 2264 prae
1251 2178 1338 2233 se
1399 2147 1766 2259 ferebat,
1835 2152 2351 2252 occasionem
2410 2149 2631 2235 illius
2696 2147 3185 2258 aspernandi
3230 2145 3846 2259 arripientibus,
3894 2179 4037 2260 per

1003 2308 1518 2379 contemtum
1548 2355 1573 2402 ,
1635 2307 1714 2373 et
1775 2291 2058 2374 odium
2123 2288 2275 2375 Vir
2330 2291 2703 2376 dolorum
2742 2353 2767 2400 ,
2838 2287 2924 2372 V
2918 2291 2990 2402 i(-
3028 2289 3533 2404 aegritudine
3574 2289 4031 2374 noscendus

1002 2437 1476 2549 cuicunque
1547 2433 1788 2516 illum
1841 2458 2020 2513 non
2073 2447 2355 2514 nosset
2384 2494 2408 2540 ‚
2456 2431 2901 2542 appellatus
2962 2447 3085 2514 est
3115 2492 3134 2511 .
3199 2432 3507 2518 Odium
3563 2461 3803 2543 porro
3832 2496 3859 2541 ,
3946 2449 4029 2516 et

1001 2591 1522 2680 contemtum
1565 2599 1854 2656 eorum
1911 2566 2263 2686 augebat
2317 2571 2567 2654 etiam
2608 2572 2779 2680 ipsa
2822 2567 3181 2654 Messiae
3236 2575 3745 2658 sanctissima
3792 2575 4019 2658 Deo-

999 2744 1158 2829 que
1215 2729 1388 2800 tota
1447 2716 1710 2798 dicata
1778 2712 2134 2798 solitudo
2167 2776 2196 2822 ,
2274 2713 2669 2829 fugientis
2741 2715 3183 2798 hominum
3250 2745 3495 2827 prava
3566 2719 3969 2804 consortia
3998 2810 4027 2856 ,

995 2879 1078 2957 et
1125 2889 1393 2977 paene
1446 2856 1776 2938 vultum
1821 2853 1948 2940 „ab
2005 2852 2110 2942 iis
2183 2849 2754 2939 abscondentis
2824 2881 3129 2966 suum,
3202 2883 3471 2968 neque
3526 2855 3675 2940 ulli
3746 2889 4031 2948 earum

999 3031 1280 3090 rerum
1337 3030 1514 3086 sese
1575 2997 2178 3106 immiscentiS,
2241 2994 2539 3108 quibus
2597 2999 2844 3079 ceteri
2900 3026 3089 3108 opes
3120 3059 3144 3107 ‚
3206 2998 3605 3080 amicitias
3634 3061 3658 3108 7
3732 3015 4029 3110 poten-e

994 3161 1186 3254 tum
1245 3142 1590 3256 gratiam
1622 3201 1648 3249 ,
1708 3139 2058 3222 honores
2088 3201 2117 3247 ,
2179 3141 2617 3254 dignitates
2676 3145 3063 3251 aucupari
3108 3155 3713 3224 consueverunt
3744 3201 3767 3222 .
3808 3139 4027 3258 Ergo

993 3279 1100 3368 ab
1165 3276 1548 3366 omnibus
1609 3281 1748 3394 qui
1810 3279 2082 3392 aliquo
2137 3281 2321 3366 loco
2352 3343 2377 3391 ,
2448 3297 2591 3366 aut
2646 3272 2998 3366 numero
3072 3279 3569 3366 haberentur
3638 3279 3860 3362 hisce
3920 3281 4025 3362 de

991 3426 1261 3528 causis
1335 3418 1526 3508 ante
1597 3451 1838 3506 suam
1914 3423 2607 3534 praedicationem
2668 3425 3137 3536 despectum
3165 3487 3191 3534 ,
3269 3425 3579 3537 reliqua
3632 3421 4025 3506 multitu·-

993 3571 1096 3652 do
1129 3632 1174 3678 ‚.
1221 3595 1426 3681 quae
1501 3563 1794 3672 illum,
1866 3562 2027 3646 nisi
2100 3563 2299 3647 haec
2372 3565 2963 3676 impedimento
3040 3565 3387 3650 fuissent
3414 3628 3443 3674 ,
3512 3565 3941 3673 recepisset
3982 3624 4012 3672 ,

985 3697 1232 3820 nihili
1293 3711 1486 3792 fecit
1531 3767 1552 3788 .
1613 3707 1994 3788 Tantum
2051 3707 2571 3792 incredulitas
2630 3707 2921 3790 afferre
2978 3706 3393 3790 malorum
3447 3701 3764 3816 potuit!

1221 3845 1683 3960 Despectus
1751 3825 2174 3932 ma'oeime:
2243 3845 2600 3932 Hebraei
2644 3876 2903 3962 quum
2944 3863 3275 3932 careant
3324 3839 3801 3929 nominibus
3854 3863 4035 3942 suff

983 3989 1354 4101 perlativi
1399 3992 1692 4106 gradus
1713 4051 1740 4099 ‚
1783 3987 2228 4074 nominum
2251 3990 2751 4102 =repetitione
2790 4015 3381 4098 saepenumero
3423 4001 3775 4070 utuntur
3793 4044 3813 4064 .
3842 3983 4013 4070 Ad-

970 4126 1366 4214 .verbium
1421 4161 1612 4247 ergo
1669 4132 2042 4218 maxime
2099 4133 2575 4220 addendum
2628 4131 2831 4243 fuit,
2888 4146 2987 4216 ut
3041 4129 3433 4214 orationis
3486 4113 3809 4242 pondus
3860 4127 4003 4208 in-

983 4245 1489 4386 telligeretur
1519 4321 1544 4356 .-

2420 4495 2557 4582 ΙΙ.

1093 4699 1156 4800 4
1245 4691 1454 4780 Vere
1507 4691 2060 4812 aegritudines
2129 4709 2461 4782 nostras
2518 4698 2695 4809 ipse
2736 4709 3161 4808 assumet,
3222 4720 3327 4781 ac
3369 4689 3788 4778 doloribus
3849 4711 4003 4770 no·-

961 4840 1168 4928 stris
1225 4866 1407 4926 sese
1467 4843 1832 4926 onerabit
1871 4840 1893 4926 !

1211 4981 1751 5067 Occasionem
1821 4983 2071 5098 igitur
2141 4984 2734 5070 contemnendi
2803 5009 2962 5067 nec
3030 4974 3473 5100 recipiendi
3530 4967 3889 5060 Messiae
3948 4991 4017 5114 a⁸
