4500 6184
1197 453 1379 541 232
1833 492 1842 507 ·
1987 474 2096 531 ms
2153 444 2439 533 'Canen
2500 446 3055 532 mensnmvt
3102 440 3216 527 V.

1087 596 1494 681 contraria
1527 590 1762 673 'facta
1825 614 1998 675 esse
2059 590 2489 672 videam-us
2523 652 2548 697 ‚
2609 586 2971 709 profecto
3032 580 3477 665 dicendum
3530 598 3709 693 est,
3772 582 4134 690 majore&

1093 736 1316 818 aliud
1372 737 1498 844 jus
1561 738 1993 850 gentium,
2057 734 2287 817 aliud
2346 737 2470 839 jus
2532 730 2767 814 civile
2828 712 3000 810 esse
3070 723 3493 809 noluisse.
3582 722 3717 805 Ex
3772 752 3937 839 quo
3992 751 4137 811 scu·

1087 878 1364 987 quitur
1393 936 1423 984 ‚<
1466 876 1674 961 illud
1719 876 2213 983 voluer-uns,
2274 876 2667 957 mendose
2712 874 2805 952 in
2846 866 3237 953 omnibus
3280 885 3453 951 tam
3502 869 3838 979 scriptis
3872 895 4137 985 quam

1092 1020 1508 1127 impressis
1572 1016 1990 1099 Ciceronis
2060 1012 2339 1097 Libris
2430 1014 2586 1127 legi
2624 1074 2659 1123 ,
2736 1026 2828 1091 et
2912 1038 3107 1094 eum
3194 1010 3471 1093 locum
3556 1010 4139 1120 permanifeste

1103 1158 1219 1241 ita
1321 1158 1938 1242 emendandum
2025 1186 2252 1241 esset
2338 1154 2635 1269 Itaque
2732 1154 3129 1259 majores'
3174 1150 3413 1237 alind
3478 1152 3631 1258 jus
3704 1150 4078 1265 gentium
4110 1216 4140 1265 ,

1091 1296 1326 1381 aliud
1365 1298 1516 1401 jus
1573 1299 1827 1385 civile
1883 1326 2104 1383 esse‘
2145 1303 2657 1385 noluerunt:
2746 1296 2973 1412 quod
3044 1298 3391 1407 civile‚‘
3434 1302 3594 1379 non
3652 1293 3895 1379 ’idem
3935 1306 4141 1381 con-‘-

1091 1438 1318 1521 tituto
1395 1439 1768 1551 gentium
1819 1460 1866 1549 32
1937 1440 2163 1556 quod
2229 1454 2523 1525 autem
2589 1438 2956 1555 gentium
3007 1448 3042 1548 ,'
3120 1435 3333 1521 idem
3402 1437 3693 1545 civile„
3738 1464 3923 1523 esse
3986 1438 4145 1523 de-

1088 1580 1226 1663 bet
1263 1640 1282 1661 .
1376 1578 1556 1662 Hoc
1615 1596 1736 1662 est
1793 1583 1908 1663 ita
1965 1582 2418 1665 noluerunt
2449 1644 2474 1693 ‚
2562 1608 2747 1665 non=
2798 1580 3027 1692 quasi
3062 1575 3495 1663 -voluerint
3514 1642 3551 1689 .‚
3605 1594 3701 1661 ut
3746 1582 4145 1695 quidquid

1103 1720 1282 1825 jure
1361 1724 1577 1806 civili
1655 1726 2124 1840 aliquando·
2170 1730 2649 1809 sta-tuissent
2692 1786 2717 1833 ,
2792 1724 3017 1805 iderti·
3086 1722 3469 1807 continuo
3556 1722 3687 1828 ius
3754 1722 4139 1834 gentium

1105 1892 1279 1946 esse
1339 1866 1801 1973 putandum
1859 1882 2068 1951 esset
2101 1927 2120 1949 .
2182 1864 2392 1949 Labi
2462 1866 2691 1949 enim
2747 1865 3187 1949 statuendo
3257 1879 3692 1972 poterant,
3780 1879 4037 1977 atque
4094 1892 4147 1946 a

1101 2022 1445 2089 naturae
1518 2008 1690 2123 lege
1777 2013 2164 2121 opinione
2251 2013 2677 2095 deflectere
2722 2039 2748 2118 3
2800 2021 2985 2131 ut,
3060 2006 3146 2087 id
3200 2007 3273 2089 si
3310 2006 3767 2089 accidisset
3806 2068 3835 2114 ,
3908 2004 4146 2089 iocus

1105 2150 1664 2231 emendationi
1711 2152 2311 2265 relinqueretur
2346 2216 2364 2236 .
2414 2150 2576 2237 Sed
2634 2158 2747 2235 ita
2790 2150 3294 2258 noluerunt,
3336 2164 3441 2231 ut
3482 2148 3705 2260 quod
3756 2148 3885 2255 jus
3918 2176 4147 2263 gen-

1105 2291 1324 2371 tium
1373 2304 1646 2399 esset,
1707 2292 1986 2401 idem,
2045 2294 2735 2405 quandocumque
2792 2290 2953 2374 tale
3024 2316 3203 2375 esse
3262 2304 3951 2404 cognosceretur,
4016 2290 4147 2371 (εἰ-ἔ

1107 2429 1266 2513 vile
1326 2456 1496 2511 esse
1557 2427 1931 2517 deberet.
1997 2434 2175 2543 Qua
2233 2464 2431 2519 sane
2490 2437 2931 2547 prudentia·
2984 2434 3153 2519 ulla
3208 2462 3365 2519 nec
3424 2434 3747 2543 major‘,
3806 2458 3967 2515 nec
4012 2456 4147 2511 rc-

1109 2573 1370 2683 ctior,
1427 2602 1581 2655 nec
1641 2570 2124 2658 laudabilior
2181 2602 2355 2660 esse
2414 2578 2503 2663 in
2558 2576 2737 2681 jure
2799 2576 3229 2658 condendo
3292 2588 3609 2684 potest.

1337 2713 1448 2797 At
1504 2718 1728 2801 enim
1771 2716 2176 2799 mendum
2211 2730 2398 2799 tam
2436 2718 3019 2827 manifestum,
3065 2732 3309 2829 atque
3353 2718 3457 2798 ad
3506 2714 4137 2826 deprehenden-

1109 2860 1316 2943 dum
1372 2856 1604 2941 facile
1640 2918 1666 2967 ,
1727 2858 2281 2969 quisquamne
2334 2870 2457 2939 est
2514 2858 2655 2969 qui
2708 2872 2851 2941 aut
2908 2858 3251 2967 viderit,
3311 2873 3455 2941 aut
3514 2860 3617 2941 de
3674 2857 3815 2939 illo
3872 2856 4143 2968 suspi-

1109 3018 1335 3083 catus
1375 3000 1670 3108 fuerit,
1729 3015 1872 3080 aut
1905 3001 2271 3110 denique
2312 3002 2586 3113 aliquo
2629 3004 2877 3085 modo
2924 2998 3464 3117 cogitaverit?
3526 3002 3794 3109 Quam
3840 3000 4145 3083 multos

1111 3143 1210 3225 de
1275 3138 1584 3223 Officiis
1647 3113 2084 3223 Ciceronisx
2135 3138 2433 3241 Libros
2491 3161 2573 3227 et
2630 3148 2967 3256 scriptos
3030 3162 3111 3229 et
3172 3151 3604 3259 impressos
3664 3139 4141 3247 habemus,

1033 3362 1038 3366 ,
1113 3297 1196 3365 et
1269 3309 1556 3366 omnes
1629 3276 1746 3363 ibi
1816 3281 1976 3365 loci
2045 3282 2539 3371 mendosos!
2620 3282 2731 3367 Et
2781 3300 3075 3371 tamen
3130 3292 3275 3373 vix
3340 3288 3559 3374 ullus
3594 3286 3825 3379 ,alius
3884 3276 4145 3363 Liber

1111 3442 1237 3510 cst
1265 3486 1294 3536 ,
1355 3426 1496 3537 qui
1551 3452 1802 3535 prope
1855 3426 2142 3509 duum·
2185 3426 2547 3535 millium
2608 3453 3025 3511 annorum
3099 3432 3503 3513 continuo
3560 3446 3935 3539 tempore
4004 3450 4146 3535 per

987 3648 996 3653 .
1065 3632 1082 3647 ,
1109 3584 1384 3653 totum
1455 3583 1862 3652 terrarum
1945 3566 2231 3653 orbem
2301 3572 2394 3652 in
2463 3571 2903 3654 hominum
2972 3569 3359 3655 manibus
3450 3598 3705 3684 aeque
3775 3582 4145 3653 versatus

1075 3716 1515 3831 ‘tritusque
1573 3715 1881 3824 fuerit3
1961 3716 2142 3825 plus
2203 3731 2418 3799 certe
2490 3714 2757 3798 multo
2816 3742 3067 3829 quam
3128 3712 3599 3799 Salomonis
3659 3708 4143 3796 hebraicum

1117 3848 1562 3937 Can-ticum
1605 3914 1624 3937 .
1711 3856 1960 3940 Illum
2019 3862 2176 3943 viri
2239 3860 2758 3967 doctissimi,
2842 3859 3256 3970 iidemque
3340 3853 3797 3940 acutissimi
3876 3878 4141 3963 paene

1119 3993 1766 4083 innumerabiles
1809 4016 1890 4083 et
1930 4000 2458 4114 perlegerunt
2487 4060 2515 4107 ‚
2562 4014 2641 4083 et
2686 3999 2777 4081 in
2822 3998 3127 4083 deliciis
3172 3993 3705 4105 habuerunt,
3754 4008 3835 4077 et
3881 3992 4147 4103 expli-

1111 4156 1412 4223 carunt
1445 4203 1470 4252 ‚
1523 4159 1614 4226 et
1683 4142 2253 4225 eruditissimis
2325 4136 3169 4223 commentationibus
3227 4138 3799 4246 illustrarunt,
3862 4152 3947 4217 et
4014 4148 4143 4217 ta-

1113 4312 1320 4373 men
1375 4313 1598 4368 error
1653 4285 1750 4366 in
1807 4278 2198 4381 omnihus
2270 4276 2500 4366 libris
2560 4292 2682 4361 est
2714 4336 2737 4359 .
2785 4276 2917 4361 Sic
2976 4282 3205 4361 enim
3276 4295 3589 4389 oportet
3620 4339 3641 4359 .
3692 4276 3923 4365 Nam
3960 4275 4145 4389 quis

1116 4444 1351 4536 putet
1379 4488 1408 4535 ,
1464 4455 1600 4511 eos
1663 4429 1810 4539 qui
1867 4430 2090 4541 typis
2147 4424 2583 4507 ediderunt
2612 4487 2638 4533 ,
2688 4423 2827 4535 qui
2872 4438 3089 4505 certe
3156 4422 3491 4532 plurimi
3552 4436 3807 4531 sunt,
3849 4444 4139 4503 emen-

1111 4568 1452 4653 daturos
1511 4596 1692 4651 non
1751 4568 2054 4679 fuisse,
2117 4584 2265 4653 aut
2320 4570 2617 4653 saltem
2656 4568 3119 4651 monituros
3148 4630 3176 4677 ‚
3234 4560 3497 4647 sicubi
3556 4575 3975 4650 carentem
4018 4557 4149 4641 vi-

1121 4713 1243 4797 tio
1302 4711 1673 4796 codicem
1728 4712 2220 4821 reperissent
2258 4707 2305 4795 ⁴?
2376 4709 2613 4820 Quod
2662 4712 2855 4796 satis
2916 4738 3115 4795 sane
3171 4709 3511 4816 fuisset,
3569 4720 3663 4787 ut
3722 4728 3897 4799 non
3954 4725 4150 4813 par-

1121 4884 1268 4967 va,
1323 4854 1441 4939 ita
1495 4868 1607 4945 ut,
1647 4854 1786 4964 fit,
1847 4854 2065 4937 inter
2114 4853 2873 4937 eruditosoriretur
2916 4880 3013 4935 ea
3056 4852 3155 4935 tle
3200 4879 3285 4935 re
3329 4846 3821 4962 disputati05
3864 4866 4151 4959 quum

1133 4998 1400 5091 altum
1453 4998 1676 5108 apud
1726 5023 2018 5081 omnes
2069 4996 2179 5081 sit
2231 4992 2663 5079 silentium
2694 5048 2739 5099 .,
