4500 6184
904 257 973 287 ,ι

1079 427 1445 517 CAu‘rm.
1484 425 1738 514 Scan.
1771 404 1878 511 1'1.
1911 422 2114 509 Car.
2145 418 2293 513 IV.
2340 416 2718 513 Damni
3127 423 3305 535 ἐξ»

385 581 937 687 tristissimae,
1019 602 1216 690 quas
1278 558 1528 664 homo
1602 571 2269 655 sceleratissimus
2341 570 2793 655 secundum
2854 574 3421 683 operationem'

387 722 752 823 Satanae
823 720 903 802 in
975 718 1202 803 omni
1253 716 1562 800 virtute
1594 778 1618 825 ,
1682 727 1764 798 et
1817 715 2079 829 signis
2113 778 2136 825 ,
2201 728 2281 797 et
2334 716 2745 831 prodigiis
2804 704 3337 804 mendacibus
3383 758 3425 843 ‚g

381 874 463 947 ct
505 864 584 944 in
629 862 852 947 omni
903 860 1375 947 seductione
1435 857 1894 970 iniquitatis
1963 862 2082 965 (1)
2128 862 2513 945 universo
2566 877 2979 946 terrarum
3034 861 3213 973 orbi
3272 871 3422 951 in..

383 1002 777 1086 duxerat.
843 1000 1056 1087 Sane
1111 1000 1442 1087 viriilli
1503 1000 2052 1110 sanctissimi,
2112 1029 2315 1113 quos
2376 998 2867 1111 Antichristi
2934 1006 3163 1087 furor
3219 1003 3417 1092 ubi-

383 1149 960 1269 que-gentium
1004 1148 1550 1229 insectaturus
1594 1160 1716 1227 est
1761 1150 1874 1252 (2)
1913 1210 1938 1255 ,
1985 1162 2064 1227 et
2105 1142 2327 1229 Lilia
2371 1150 2793 1230 nominari
2836 1176 3083 1261 supra
3127 1166 3417 1233 osten-

382 1296 657 1377 dimus
687 1351 712 1401 ,
773 1288 1283 1401 spiritualem
1341 1284 1527 1369 sibi-
1576 1312 1846 1370 escam
1904 1314 1952 1367 a
2010 1280 2331 1369 duobus
2393 1286 2479 1369 T
2482 1293 2958 1374 estamentis
3036 1308 3419 1407 arreptu-

376 1439 505 1547 ri,
569 1450 706 1541 et,
771 1434 1040 1545 quoad
1099 1434 1270 1539 ejus
1352 1430 1528 1512 fieri
1589 1431 1954 1541 poterit,
2045 1428 2220 1511 aliis
2308 1430 2563 1511 etiam
2632 1432 2815 1514 sine
2880 1429 3133 1516 dubio
3214 1446 3429 1530 sunt

371 1579 882 1691 porrecturig,
957 1578 1345 1659 habentes
1417 1574 1714 1657 solatio
1788 1586 2121 1657 sanctos
2195 1569 2490 1654 Libros
2569 1574 2747 1683 (3),
2822 1591 3066 1691 atque
3139 1576 3243 1663 ab
3314 1585 3421 1668 iis

373 1722 756 1831 exempla
813 1736 896 1802 et
953 1731 1436 1833 argumenta
1477 1718 1580 1798 ad
1627 1714 2285 1799 confirmandam
2343 1710 3075 1831 roborandamque.
3115 1723 3417 1839 fidem,

365 1862 910 1976 patientiam,
975 1860 1530 1943 constantiam
1589 1856 2210 1970 diligentissime
2276 1856 2847 1964 depromentes
2880 1921 2900 1941 .
2951 1862 3179 1971 Quae
3224 1870 3423 1980 quia

367 2008 540 2089 duo
584 2004 1126 2087 Testamenta
1185 1998 1346 2082 illis
1409 1994 1828 2079 uberrime
1871 1996 2353 2105 praesertim
2398 2026 2493 2081 eo
2536 2011 2906 2110 tempore
2972 2002 3372 2113 praebent
3388 2072 3424 2123 „

369 2146 682 2231 idcirco
740 2148 819 2229 in
879 2144 1117 2227 Liliis
1170 2166 1521 2250 pascere
1581 2142 1758 2247 jure
1819 2142 2282 2252 meritoque
2348 2142 2792 2225 dicuntur.

485 2282 929 2375 Accedam
983 2284 1100 2370 ad
1155 2312 1284 2367 me
1315 2345 1344 2395 ,
1401 2278 1515 2367 acl
1567 2295 1917 2367 montem
1979 2285 2432 2397 myrrhae,
2506 2313 2611 2373 ac
2680 2285 2796 2372 acl
2866 2290 3155 2377 collem
3218 2294 3437 2381 thu-2

733 2432 847 2514 ris
901 2430 920 2511 1
2275 2430 2293 2459 ¹
3094 2540 3107 2551 α

619 2570 848 2658 Haec
918 2570 1148 2658 brevi
1226 2575 1754 2660 adnotatione
1830 2578 1934 2659 ad
2006 2578 2230 2661 hunc
2288 2606 2620 2663 versum
2694 2578 3111 2690 explicata⁴
3164 2594 3365 2663 sunt
3395 2636 3425 2663 .

367 2714 540 2804 Sed
607 2718 768 2797 duo
830 2716 962 2799 hic
1037 2717 1334 2799 addere
1413 2731 1794 2828 oportet:
1865 2718 2272 2825 alterum,
2308 2716 2763 2836 ‚Hebraeos
2844 2724 3123 2833 patriis
3200 2724 3423 2807 sedi·-

361 2858 534 2945 bus
600 2861 1146 2945 restituendos
1210 2886 1380 2942 esse
1443 2860 1546 2939 ad
1617 2884 1878 2939 annos
1939 2872 2132 2939 ante
2191 2854 2679 2945 Antichristi
2754 2867 3088 2948 caedem
3168 2868 3429 2980 quin-⁴

371 3022 733 3123 gentos;
783 3004 1136 3085 alterum
1175 3064 1200 3107 ,
1247 2998 1808 3083 Christianam
1865 3001 2352 3117 religionem
2410 3001 2513 3087 ab
2573 3004 2732 3089 illis
2777 3035 2953 3089 non
3010 3010 3175 3091 nisi
3236 3023 3427 3119 post

372 3147 874 3237 Antichristi
947 3145 1280 3227 caedem
1355 3167 1526 3223 esse
1611 3143 2281 3254 suscipiendam:
2364 3175 2725 3260 quorum
2793 3164 3239 3263 utrumque
3328 3152 3431 3237 in.

379 3288 951 3403 Chronologia
1023 3286 1496 3398 prophetica
1565 3284 2102 3398 probabitur,
2171 3291 2579 3401 siquando
2652 3307 2987 3375 tantum
3064 3292 3219 3373 erit
3276 3292 3425 3373 otii

371 3452 480 3521 ut
540 3462 724 3516 rem
779 3431 1085 3513 summi
1152 3429 1486 3509 fortasse
1545 3429 2005 3537 momenti,
2063 3424 2365 3511 laboris
2428 3445 2646 3512 certe
2679 3492 2702 3539 ,
2768 3434 2872 3515 ad
2924 3429 3427 3549 umbilicum

373 3576 833 3688 perducere
895 3573 1296 3683 possimus
1330 3634 1350 3654 .
1413 3570 1827 3655 Dominus
1888 3586 2170 3654 autem
2227 3586 2511 3655 noster
2570 3570 2807 3655 Jesus
2854 3572 3271 3683 Christus,
3322 3602 3427 3657 ex

373 3746 558 3833 quo
616 3718 840 3797 nasci
905 3716 1282 3828 dignatus
1343 3730 1462 3795 est
1494 3778 1519 3821 ,
1592 3714 1802 3795 nihil
1861 3712 2201 3796 fortasse
2258 3728 2435 3794 tam
2495 3714 3033 3799 vehementer
3110 3719 3424 3827 optavit

375 3884 645 3975 quam
705 3851 1270 3939 Hebraeorum
1331 3855 1997 3936 conversionem.
2047 3853 2272 3963 Quae
2330 3882 2589 3967 quum
2648 3860 3022 3965 proxima
3084 3860 3457 3945 demum'

375 4004 502 4087 sit
558 3998 713 4079 hoc
770 4013 1137 4107 tempore
1193 4024 1354 4108 quo
1401 3994 1814 4077 Dramatis
1875 3982 2087 4077 actio
2150 4022 2194 4075 a
2244 3990 2687 4079 Salomone
2750 4002 3223 4087 constituta·
3256 4017 3436 4118 est-3

375 4142 698 4227 idcirco
760 4136 1127 4220 Dilectus
1190 4166 1519 4221 summo
1594 4166 1784 4220 cum
1845 4137 2200 4252 gaudiO,
2278 4136 2747 4252 Accedam,
2824 4145 3151 4256 inquit,
3230 4162 3429 4230 tan-
3482 4203 3490 4211 .

381 4286 593 4371 dem
682 4305 844 4392 quo
925 4294 1103 4361 tam
1186 4280 1330 4360 diu
1418 4283 1710 4393 cupi0,
1799 4281 1902 4363 ad
1972 4286 2321 4393 patriam
2396 4314 2675 4367 meam
2730 4284 3129 4370 Judaeam
3162 4346 3187 4396 ,
3262 4316 3427 4401 quo

387 4451 668 4541 quum
741 4434 1110 4532 receptus
1185 4420 1471 4528 fuer0,
1555 4450 1966 4543 ea·mons
2045 4426 2198 4507 erit
2269 4426 2720 4541 myrrhae,
2796 4426 3028 4517 collis
3087 4428 3422 4515 thurisz

381 4564 602 4653 adeo
662 4578 931 4681 gratos
986 4559 1332 4675 spirabit
1391 4563 1794 4675 perfectae
1854 4548 2647 4654 sanctitatisodores
2681 4632 2703 4653 .

2213 4706 2381 4792 hh

493 4934 586 5025 (ι)
633 4934 778 5005 11³1.
1745 4951 1752 4961 ·
2047 4930 2142 5019 (ς)
2187 4932 2242 4997 1.
2288 4906 2495 5002 itam.
2537 4939 2681 5005 xn.
2724 4956 2791 5015 φ.

491 5048 588 5129 gs)
637 5046 839 5133 Apoc.
883 5045 1027 5113 xn.
1069 5065 1180 5127 ιγ.
1947 5078 1958 5088 ·
