4500 6184
1074 473 1459 558 CAerc:
1482 475 1737 561 Scnx.
1771 473 1877 558 H.
1914 473 2113 580 Csu.
2148 471 2212 558 I.
2248 473 2620 561 Deoua.
3101 508 3276 600 199

352 620 557 703 tibus
602 616 921 701 veslris,
952 613 1269 700 venditi
1325 618 1521 702 estis
1559 682 1583 728 ,
1644 629 1723 702 et
1782 617 1865 698 in
1918 617 2788 727 praevaricationibus
2833 625 3147 708 uestris
3185 626 3396 712 Ma·-

338 779 455 850 ier
508 773 795 844 vestra
854 757 1203 842 ‹limi-ssa
1268 757 1452 844 est!
1524 763 1705 865 (1).
1773 756 1851 840 Is
1912 759 2165 871 igitur
2223 775 2346 842 est
2403 789 2746 844 sensus:
2816 761 3170 850 Hebraei
3217 773 3388 854 mei

342 902 765 1013 populares
848 904 965 986 ira
1044 919 1528 988 exarserunt
1593 904 1681 986 in
1746 931 1883 984 me
1928 965 1953 1012 ⁷
2020 903 2173 986 hoc
2232 919 2355 986 est
2415 907 2504 987 in
2563 935 2748 988 eam
2821 911 3091 1022 gentis
3158 939 3392 992 meae

340 1061 709 1154 partem,
790 1074 997 1158 quae
1052 1063 1149 1128 ut
1212 1075 1360 1161 ego
1418 1075 1649 1130 nunc
1713 1047 1863 1130 feci
1900 1109 1927 1154 ‚
2002 1043 2408 1130 Messiam
2471 1065 2554 1132 et
2615 1051 2793 1158 ejus
2847 1049 3384 1132 fidem‘acci-

334 1185 665 1302 piebat‚
734 1205 815 1272 et
876 1190 1206 1274 exordia
1264 1186 1675 1272 Ecclesiae
1736 1185 2137 1274 hebraeae
2196 1190 2686 1274 christianae
2723 1257 2746 1301 ,
2813 1195 3052 1302 cujus
3103 1222 3393 1303 perso-⁶

335 1361 537 1418 nam
584 1353 775 1448 gero
810 1397 836 1442 ,
882 1337 1049 1442 jam
1094 1351 1279 1416 tum
1322 1348 1680 1416 statuere
1726 1331 2220 1416 conahatur.
2269 1331 2534 1417 Iidem
2566 1349 3031 1445 posuerunt
3083 1360 3212 1418 me
3248 1363 3398 1434 rua

337 1477 657 1562 stodem
724 1477 1155 1560 vinearum
1193 1478 1489 1584 ,idest
1562 1476 2061 1586 voluerunt,
2144 1495 2241 1560 ut
2299 1479 2502 1563 haec
2565 1509 2890 1594 quoque
2952 1509 3187 1594 pars,
3261 1503 3394 1564 re*-

342 1621 537 1705 lieto
601 1618 969 1730 Messia‚
1050 1651 1220 1704 una
1276 1650 1471 1704 cum
1542 1624 1738 1733 ipsis
1823 1625 1925 1705 ad
2000 1625 2414 1706 tuendum
2477 1619 3050 1708 Hebraeorum
3120 1623 3397 1708 locum

334 1779 419 1845 et
458 1778 823 1878 gentem
882 1781 1405 1847 concurreret
1436 1825 1461 1846 .-
1521 1765 1747 1875 Quae
1820 1793 1949 1850 res
2008 1763 2115 1848 ab
2172 1765 2651 1884 Evangeliis
2711 1769 3146 1850 notissima
3207 1772 3396 1849 es't..

330 1902 619 1988 Mulli
674 1933 863 2024 ergo
950 1931 1065 1988 em
1124 1902 1471 1989 Iudaeis
1508 1969 1563 2015 ,.
1616 1906 1766 2020 qui
1816 1921 2216 1990 venerant
2299 1907 2418 1991 ad
2472 1906 2858 1993 Mariam
2895 1975 2919 2020 ,
2995 1923 3074 1992 et
3136 1907 3401 1994 Mar-‘-

336 2051 575 2136 tham
612 2117 637 2162 ‚
696 2061 772 2130 et
830 2049 1215 2134 viderant
1274 2078 1493 2163 quae
1532 2047 1741 2156 jecit
1782 2047 2029 2134 Iesus
2068 2117 2091 2161 ,
2153 2049 2670 2136 crediderunt
2727 2054 2806 2134 in
2871 2081 3057 2134 eum
3097 2113 3114 2132 .
3199 2048 3404 2160 Qui-

328 2190 530 2276 clam
592 2209 869 2277 autem
933 2219 1049 2276 ea:
1108 2193 1319 2303 ipsis
1376 2194 1754 2277 abierunt
1826 2192 1942 2277 acl
1996 2190 2510 2277 Pharisaeos
2561 2256 2588 2304 ‚
2672 2208 2749 2276 et
2830 2190 3222 2278 dixerunt
3281 2198 3402 2278 cis

330 2361 557 2447 qliae
594 2335 809 2448 fecit
850 2333 1139 2422 Iesus.
1194 2331 1711 2448 Collegerunt
1768 2361 1960 2448 ergo
2008 2332 2464 2454 Pontffices
2499 2400 2522 2446 ‚
2589 2349 2671 2419 et
2713 2333 3160 2418 Pharisaei
3200 2361 3406 2419 con-

335 2479 629 2564 cilium
662 2541 687 2586 ,
750 2491 829 2559 et
888 2475 1265 2560 dicebant
1314 2504 1337 2558 ε
1393 2471 1611 2583 Ouid
1628 2471 2005 2584 facimus
2041 2538 2065 2584 ‚
2128 2477 2332 2588 quia
2376 2477 2510 2562 hic
2555 2477 2801 2562 homo
2846 2479 3114 2560 mulla
3158 2476 3409 2591 signa

312 2615 621 2738 facit?
676 2617 775 2703 Si
842 2615 1333 2701 dimittimus
1394 2644 1579 2698 eum
1642 2614 1821 2726 sic,
1884 2642 2167 2699 omnes
2244 2615 2574 2701 credent
2629 2619 2711 2700 in
2769 2647 2954 2701 eum
3003 2650 3027 2702 ι
3087 2631 3168 2702 et
3243 2647 3402 2702 ve·-

340 2765 572 2848 nient
634 2759 1051 2868 Romani,
1114 2770 1187 2840 et
1250 2756 1529 2839 tollent
1588 2769 1961 2838 nostrum
2021 2757 2298 2840 locum
2332 2821 2356 2868 ,
2414 2770 2500 2840 et·
2545 2773 2870 2874 gentem
2937 2762 3111 2867 (2).
3173 2759 3412 2844 Istud-

342 2911 629 3020 ipsum
686 2930 974 2986 cavere
1031 2928 1141 2982 ne
1184 2926 1477 2980 omnes
1518 2897 1813 2980 Judaei
1866 2898 2296 3016 crederent
2353 2900 2447 2982 in
2490 2897 2825 3011 Jesum‚
2871 2918 3104 2986 metu
3151 2906 3404 2988 amit·-

340 3051 575 3134 tendi
636 3048 917 3131 locum
999 3059 1081 3127 et
1154 3060 1488 3158 gentem
1524 3106 1547 3152 ‚
1634 3055 1807 3164 erat
1881 3069 2172 3124 omnes
2230 3038 2598 3126 Judaeos
2639 3069 2704 3152 ‚·
2753 3044 3098 3158 illosque
3156 3048 3407 3130 etiam

346 3199 491 3310 qui
574 3193 1170 3300 crediderant,
1220 3215 1527 3299 ponere
1600 3183 1980 3273 custodes
2040 3187 2470 3270 vinearum
2522 3249 2547 3297 ‚
2609 3186 2766 3270 hoc
2835 3201 2956 3270 est
3027 3185 3235 3269 velle
3313 3201 3412 3267 ut

346 3365 649 3422 omnes
709 3332 1006 3418 urbem
1038 3397 1062 3440 ,
1112 3333 1397 3442 oppida
1438 3391 1462 3438 ,
1508 3329 1777 3415 solum
1810 3391 1837 3438 7
1884 3356 2171 3445 agrOS,
2226 3331 2510 3412 vineas
2557 3325 2958 3414 Messiam
3021 3330 3435 3429 deseren-⁸

346 3485 453 3565 do
515 3493 957 3562 tuerentur
1001 3538 1024 3559 .
1100 3475 1627 3588 Quantopere
1704 3492 2001 3558 autem.
2048 3470 2556 3558 Judaeorum
2619 3474 2749 3557 ira
2821 3473 2901 3556 in
2959 3499 3158 3556 suos
3217 3473 3406 3554 illos

332 3623 799 3736 populares
862 3620 1277 3730 exarserit
1352 3619 1495 3732 qui
1554 3616 1964 3702 Messiam
2044 3619 2413 3699 deserere
2473 3615 2934 3698 noluerunt.
2967 3679 2991 3724 ,
3067 3616 3406 3697 notissia-

342 3791 604 3853 mum
662 3778 837 3848 est.
879 3759 1007 3844 Ex
1065 3791 1227 3875 quo
1286 3760 1598 3844 finctum
1656 3775 1833 3871 est,
1894 3777 1991 3844 ut
2048 3761 2133 3844 hi
2192 3787 2369 3842 sese
2431 3757 2936 3840 contulerint
2997 3757 3104 3840 ad
3169 3752 3406 3838 Gen-

342 3925 481 3994 tes
539 3920 629 3990 et
692 3933 883 3989 vera
944 3901 1305 3988 Ecclesia
1375 3903 1535 3990 Dei
1613 3905 1828 4014 apud
1907 3896 2324 3999 Hebraeos
2395 3903 2544 4013 qui
2617 3900 3148 3983 christianam
3228 3925 3408 3982 non

344 4064 850 4161 receperunt
906 4049 1157 4132 fidem
1189 4113 1213 4158 ‚
1276 4051 1677 4132 interierit
1723 4079 1745 4130 ε
1817 4049 2037 4162 quod
2098 4043 2648 4132 Sulammitha
2689 4039 2962 4170 verbis
3003 4064 3214 4154 quae
3271 4065 3409 4121 se·-

350 4207 799 4306 qnuntur,
860 4217 1197 4274 summo
1257 4221 1449 4275 cum
1508 4191 1788 4274 dolore
1848 4203 2444 4273 commemorat
2475 4219 2504 4271 .·

437 4327 841 4414 ‚Vineam
904 4359 1173 4415 meam
1208 4395 1233 4440 ‚
1294 4361 1512 4444 quae
1564 4329 1797 4442 apud
1852 4349 1982 4415 me
2036 4343 2273 4440 erat,
2344 4355 2502 4412 non
2563 4323 3046 4414 custodivi!
3133 4381 3141 4392 -

602 4471 1061 4557 Ecclesiam
1114 4501 1443 4583 meam,
1518 4503 1797 4557 veram
1862 4473 2020 4556 Dei
2082 4471 2550 4560 Ecclesiam
2625 4497 2834 4583 quae
2915 4467 3134 4579 apud
3205 4495 3342 4550 me
3383 4531 3410 4580 ,

342 4639 519 4726 eeu
580 4629 915 4730 gentem
972 4645 1251 4700 meam
1312 4632 1483 4700 erat
1520 4681 1547 4728 ‚
1607 4647 1781 4700 non
1840 4619 2312 4702 custodivi.

528 4830 538 4840 .
620 4755 847 4867 Quae
889 4757 1123 4867 apud
1160 4786 1293 4842 me
1333 4772 1569 4869 erat,
1618 4756 1993 4842 hebraice
2037 4761 2290 4842 unico
2348 4755 2601 4843 verbo
2665 4737 2810 4869 ’.ἳῐξ
2857 4755 3114 4864 εοεῖὶ,
3164 4773 3420 4863 quam

358 4930 673 4989 vocem
734 4901 1267 5018 Septuaginta
1301 4969 1328 5018 ‚
1391 4922 1474 4989 et
1530 4905 1942 5022 Vulgatus
2002 4879 2466 4988 omiserunt
2495 4959 2521 4986 .

448 5205 563 5306 (J)
607 5203 757 5274 lsai.
800 5205 871 5272 1..
924 5193 983 5275 i.
1026 5225 1224 5296 supra
1270 5203 1472 5278 Vatic-
1519 5163 1663 5282 ΞΥ(
2046 5211 2143 5304 (2)
2182 5209 2412 5283 joann,
2457 5203 2570 5274 xx,
2616 5221 2726 5288 45,
2767 5220 2978 5296 seqq„
