4500 6184
1510 459 2381 564 Pan-urim
3143 471 3348 558 -xliii

429 607 810 696 molarem
869 637 976 692 ne
1037 606 1323 693 intulit.
1391 608 1780 722 quidem.
1863 609 2148 723 Itaque
2205 606 2309 695 ab
2382 612 2585 722 ipsis
2646 635 2937 696 eorum
2986 613 3465 717 auctoribus

420 778 548 837 =ex
600 748 1098 837 revelatione
1151 765 1470 858 oportet
1527 749 1860 837 allatam
1919 779 2092 838 esse
2123 812 2144 832 .
3418 847 3429 862 ι

547 887 602 978 5
689 893 924 1004 Quod
977 893 1047 976 si
1087 889 1514 1001 Judaeos„
1583 890 1945 1007 Paganos
1977 953 2002 1000 ,
2067 891 2581 978 Christianos
2636 919 2812 980 non
2868 902 3462 1015 conjunctum,

427 1050 528 1120 ut
584 1033 928 1118 fecimus
959 1096 986 1144 ,
1043 1037 1188 1118 sed
1241 1062 1614 1119 seorsum
1671 1052 2032 1145 spectare
2091 1035 2441 1120 velimus
2476 1101 2501 1148 ,
2574 1056 2673 1122 ut
2724 1043 2929 1153 quid
2992 1042 3257 1126 facere
3310 1071 3463 1151 pon

427 1182 742 1272 tuerint
797 1182 1278 1286 videamus3
1343 1181 1634 1266 eodem
1691 1181 1938 1262 modo
1995 1176 2449 1290 constabit,
2512 1209 2798 1266 eorum
2858 1213 2905 1266 a
2960 1186 3313 1266 nemine
3372 1184 3464 1266 in

427 1346 698 1406 sacros
769 1319 1066 1408 Libros
1140 1320 1526 1406 hebraeos
1597 1321 1797 1408 Jesu
1872 1321 2178 1406 Christi
2247 1351 2585 1408 ‚crucem
2676 1325 2964 1406 inferri
3024 1325 3391 1434 potuisse
3437 1383 3456 1408 .

435 1463 718 1572 Quid?
773 1465 1170 1554 Judaeine
1231 1467 1762 1552 infensissimi
1833 1465 2095 1548 crucis
2147 1461 2351 1546 Jesu
2409 1462 2715 1546 Christi
2784 1465 3052 1548 hostes
3120 1495 3305 1577 eam
3364 1469 3458 1550 in

424 1601 730 1689 Libros
781 1635 974 1690 suos
1005 1669 1028 1716 ,
1093 1623 1188 1690 ut
1241 1611 1694 1694 minimum
1723 1671 1748 1716 ,
1811 1608 2245 1720 quinquies
2304 1622 2389 1690 et
2428 1609 2674 1690 vicies
2730 1607 3167 1690 intulerint
3194 1607 3238 1691 ἲ
3294 1611 3454 1719 Qui

427 1748 834 1834 nimirum
889 1753 960 1832 si
1045 1779 1250 1836 eam.
1301 1749 1418 1836 ibi
1492 1753 1622 1836 vel
1696 1750 1952 1834 semel
2021 1776 2196 1832 esse
2270 1749 2709 1862 aliquando
2778 1747 3381 1830 intellexissent
3424 1808 3451 1854 ‚

425 1886 728 1974 Libros
785 1893 1054 2002 potius
1111 1897 1322 2002 ipsos
1385 1906 2042 1978 concremassent
2072 1950 2091 1969 .
2167 1885 2393 1970 Adeo
2452 1889 2649 2002 gens
2708 1891 2801 1969 in
2857 1888 3145 1973 Jesum
3224 1889 3459 1974 Chri—

426 2047 656 2114 stum
701 2046 782 2114 et
823 2031 1040 2116 illius
1099 2063 1426 2118 crucem
1485 2034 1806 2144 capitali
1867 2027 2050 2115 odio
2105 2032 2627 2130 inflammata
2690 2048 2813 2114 est
2846 2091 2867 2112 .
2920 2032 3130 2140 Quid
3160 2029 3203 2114 ἲ
3244 2057 3465 2114 non—

421 2198 540 2254 ne
599 2175 770 2283 pari
813 2173 1002 2256 odio
1063 2175 1550 2266 inflammati
1599 2171 1902 2288 Pagani
1964 2197 2285 2283 quoque
2344 2167 2753 2252 fuerunt?
2793 2171 3251 2254 Terrarum
3320 2199 3462 2254 ον’-

427 2304 628 2390 bem
701 2315 942 2396 caede
1001 2328 1082 2396 et
1143 2313 1802 2399 Christianorum
1869 2315 2279 2427 sanguine
2334 2313 2954 2423 compleverunt
3004 2377 3029 2421 ,
3100 2330 3196 2395 ut
3248 2311 3467 2416 ‘Iesu

429 2449 793 2561 Christi,
871 2469 956 2538 et
1025 2455 1200 2560 ejus
1269 2459 1532 2540 crucis
1569 2483 1971 2566 nomen,
2047 2453 2311 2536 cultus
2346 2513 2377 2560 ‚
2446 2455 2850 2535 memoria⁴
2908 2456 3081 2564 ipsa
3144 2457 3463 2539 exstin-

427 2610 815 2707 gueretur
847 2655 866 2674 .
917 2592 1352 2680 Horumne
1395 2623 1898 2709 quemquam
1951 2595 2046 2676 in
2084 2589 2387 2674 Libros
2444 2589 2837 2676 hebraeos
2898 2596 3199 2677 inferre
3261 2623 3459 2678 cru*

429 2763 612 2818 cem
671 2737 1028 2843 potuisse
1059 2783 1104 2843 ,ν
1151 2763 1434 2847 quum,
1467 2763 1620 2818 nec
1692 2737 2125 2846 quisquam
2183 2760 2475 2814 eorum
2528 2749 2729 2842 post.
2794 2748 3261 2844 peremtum
3318 2733 3465 2815 Je—

425 2898 618 2956 sum
690 2890 1051 2956 veterem
1125 2875 1352 2958 illam
1427 2875 1802 2990 linguam
1857 2877 2080 2958 norit
2141 2871 2707 2958 Hebraeorum
2742 2940 2765 2985 ,
2831 2903 3042 2990 qnae
3122 2877 3467 2987 jampri-

431 3015 622 3098 dem
681 3016 772 3096 in
835 3012 1296 3112 Palaestina
1353 3015 1774 3125 perierat?
1829 3017 2062 3125 Quod
2127 3019 2194 3100 si
2257 3014 2635 3130 Paganus
2696 3019 2987 3132 aliquis
3036 3022 3146 3124 ,id
3218 3037 3464 3104 ausus

431 3174 690 3264 esset,
733 3155 1026 3282 Jufiaei
1087 3186 1298 3264 num
1358 3158 1774 3247 siluissent
1805 3222 1832 3267 ,
1880 3161 2464 3270 retinuissent,
2507 3157 3171 3271 comprobassent
3196 3157 3241 3243 Ρ
3284 3161 3466 3246 Δη-

429 3329 604 3382 non
678 3329 1057 3410 apparere
1117 3304 1206 3386 iu
1279 3304 1646 3412 ipsorum
1701 3299 1976 3384 Libris
2053 3331 2150 3384 ea
2207 3304 2309 3384 de
2364 3329 2547 3413 qua.
2583 3302 2829 3413 paulo
2880 3293 3089 3384 'ante
3152 3301 3467 3382 dictum

429 3455 554 3528 est
585 3503 612 3547 ,
678 3443 1144 3526 immutatio
1173 3449 1713 3556 :corruptiore
1777 3443 2238 3554 debuisset,
2318 3471 2568 3556 quam
2644 3443 3199 3525 certissimum
3274 3456 3397 3524 est
3436 3500 3462 3548 ,

429 3611 868 3696 nunquam
927 3582 1460 3700 apparuisse?
3050 3675 3057 3688 ,

557 3724 617 3811 6
699 3723 810 3807 At
872 3726 1208 3811 fortasse
1267 3729 1488 3839 <laod
1541 3755 1696 3812 nec
1735 3727 2022 3814 Judaei
2055 3793 2086 3839 ,
2141 3757 2297 3810 nec
2339 3721 2647 3842 Pagani
2690 3727 2963 3810 hostias
3018 3724 3278 3806 crucis
3336 3721 3465 3802 fa·-

437 3894 624 3949 cere
709 3881 1154 3978 potuerunt
1185 3929 1216 3978 ,
1299 3869 1392 3950 id.
1437 3871 1807 3956 studiosi
1889 3871 2176 3954 crucis.
2225 3867 3071 3971 Christiani..feeere.,
3112 3877 3246 3944 -.ut
3302 3856 3463 3944 sibi

430 4008 684 4091 fidem
768 4009 1210 4094 hominum
1301 4011 1662 4094 confictis
1749 4008 2345 4120 Prophetarum
2426 4007 2768 4090 oraculis
2849 4005 3395 4090 conciliarent
3439 4049 3457 4071 ·

433 4147 618 4234 Cur,
667 4150 1536 4262 igitur-duodeviginti
1593 4151 1868 4234 secula
1940 4151 2585 4260 praeterierunt,
2674 4144 3215 4260 nequeullus
3290 4170 3461 4223 un·-

431 4319 680 4403 quam
755 4290 1270 4384 Christianus
1331 4324 1376 4376 e
1431 4293 1708 4378 Libris
1771 4289 2142 4377 hebraeis
2199 4291 2523 4372 oracula
2598 4291 2697 4370 de
2757 4313 2993 4368 cruce
3051 4278 3393 4391 protulit
3434 4341 3463 4386 ,

433 4458 640 4542 quae
699 4431 992 4546 aliquis
1043 4429 2038 4518 Christianus-immisit?
2097 4429 2347 4543 Atqui
2386 4427 2685 4512 Judaei
2734 4450 3055 4536 semper
3112 4451 3159 4506 a
3202 4419 3465 4504 'Chri-²-

429 4575 722 4654 stianis
783 4574 981 4658 haec
1029 4574 1360 4662 oracula
1407 4576 1922 4684 postularunt
1955 4637 1980 4683 ,
2023 4574 2479 4656 certissimo
2534 4573 3021 4682 argumento
3062 4591 3237 4646 non
3295 4588 3465 4645 esse

433 4709 524 4794 in
579 4743 718 4800 eos
779 4709 1076 4798 Libros
1136 4745 1184 4796 a
1245 4715 1732 4798 Christianis
1803 4717 2224 4796 immissa..
2310 4711 2645 4796 Fraudis
2706 4713 2939 4794 enim
2989 4707 3465 4820 potius3ac-

435 4873 854 4942 cusassent
897 4857 1408 4946 Christianos
1444 4919 1466 4963 ,
1514 4884 1696 4938 non
1747 4853 2072 4936 oracula
2127 4853 2673 4962 postulassent
2708 4909 2725 4931 .
2776 4842 3217 4958 Christiani
3262 4861 3457 4928 vero

435 5023 542 5081 ne
599 5001 1012 5112 provocati
1071 5000 1404 5110 quidem
1439 5061 1464 5108 7
1531 4996 1811 5105 irrisi,
1869 4993 2216 5078 lacessiti
2262 5021 2323 5074 a
2366 4989 2697 5075 Judaeis
2758 4987 3111 5102 proferre
3151 4975 3459 5072 ‚voluer

1829 5133 1864 5174 ὑ
1915 5132 1951 5170 ¹*
2001 5131 2036 5170 ὑ
2087 5132 2122 5170 st
2175 5133 2210 5170 ’ἡ
2264 5133 2297 5168 ὲ
2358 5161 2416 5216 2
