4500 6184
1304 468 1963 561 Panum
2054 464 2591 561 XLVIII..
2871 506 2876 511 ·
3159 462 3343 571 555

464 644 587 705 ..2
660 610 1055 729 Magnus
1118 630 1265 701 est·
1294 608 1704 701 Dominus
1738 674 1764 723 ,
1814 625 1905 701 et
1964 610 2226 703 valde
2279 610 2674 703 laudatus
2737 611 2818 701 in
2871 606 3236 703 civitate
3287 602 3456 707 Dei

728 756 1071 866 nostri,
1128 753 1429 844 Monte
1484 752 1802 845 Sancto
1842 750 2104 857 :effusi
2733 802 2738 806 ·

640 900 825 1011 Hoc
880 916 1003 985 est
1062 897 1753 1014 Hierosolymae.
1817 892 2003 983 Hoc
2059 909 2235 979 toto
2277 892 2610 985 Psalmo
2669 896 3104 1011 diligenter
3165 893 3446 993 obser-

351 1049 773 1135 'vandum
821 1062 951 1130 est
981 1108 1006 1152 ,
1077 1043 1361 1127 laudes
1438 1040 1776 1125 concini
1832 1038 2185 1129 Domini
2246 1065 2412 1134 mn·
2455 1102 2482 1149 ,
2553 1041 2696 1151 qui
2755 1054 2998 1127 antea
3055 1042 3446 1135 Hieroso-,-

397 1186 685 1305 lymae
720 1216 878 1273 nec
918 1215 1271 1305 maguus
1312 1182 1829 1295 habebatur,
1868 1210 2031 1269 nec
2072 1180 2562 1271 laudabatur
2595 1214 2620 1292 3
2671 1182 3022 1273 Domini
3071 1184 3216 1296 qui
3261 1180 3446 1271 Rex

396 1321 819 1415 maximus
878 1346 997 1413 est
1026 1392 1050 1439 ,
1112 1332 1257 1413 sed
1314 1331 1545 1437 eujus
1605 1330 1713 1417 ad
1774 1352 2133 1440 regnum
2196 1321 2784 1441 Hierosolyma
2839 1352 3020 1409 non
3075 1328 3448 1435 pertine-

393 1472 601 1585 bat3
671 1475 831 1559 Dei
888 1474 1029 1587 qui
1084 1470 1181 1554 in
1232 1469 1551 1581 palatiis
1596 1467 2227 1582 Hierosolyma
2281 1494 2466 1555 non
2524 1460 3175 1581 agnoscebatur3
3239 1492 3444 1553 con·-

388 1634 530 1703 tra
604 1646 857 1733 quem
930 1644 1161 1732 reges
1232 1629 1794 1699 convenerant
1823 1677 1849 1722 ,
1922 1626 2004 1697 et
2062 1607 2167 1697 ab
2247 1638 2344 1695 eo
2405 1608 2650 1697 deleti
2727 1624 2986 1717 sunt3
3073 1636 3234 1721 quo
3295 1642 3444 1699 vea-

387 1764 687 1847 niente
742 1792 839 1845 ac
904 1759 1392 1843 ostendente
1454 1753 1811 1839 Crucem
1838 1816 1861 1863 ,
1939 1753 2193 1837 iidem
2264 1780 2492 1867 reges
2553 1750 2832 1869 mirati
2892 1766 3154 1866 sunt,
3225 1768 3444 1843 atto-

384 1906 553 1989 niti
616 1904 1010 2013 fuerunt,
1085 1902 1601 2012 trepidarunt
1634 1962 1661 2007 ,
1740 1910 2478 2004 contremuerunt,
2563 1888 3090 1985 acerbissimo
3165 1893 3440 1985 dolore

391 2048 753 2156 correpti
791 2060 1045 2153 sunt,
1109 2042 1456 2126 Domini
1502 2040 2015 2125 exercituum
2043 2100 2081 2149 ,
2123 2038 2354 2143 cujus
2411 2039 2503 2123 in
2549 2036 2898 2123 Civitate
2946 2036 3170 2129 Crux
3238 2066 3444 2129 con-v

384 2191 679 2299 spicua
736 2202 903 2297 est,
964 2214 1215 2299 quem
1271 2184 1545 2269 hostes
1606 2186 1971 2295 ipsicius
2016 2182 2552 2269 infensissimi
2609 2212 2864 2269 suum
2921 2212 3096 2267 esse
3143 2182 3430 2271 Deum

390 2328 642 2412 inviti
673 2392 701 2439 ,
762 2323 1340 2413 admirabundi
1371 2390 1395 2437 ,
1438 2341 1887 2411 trementes
1920 2391 1949 2439 ,
2004 2325 2336 2433 tristes,
2381 2326 2714 2410 attoniti
2770 2340 3186 2441 >cogitatur
3231 2356 3438 2411 con-s·

392 2472 667 2579 fiteri3
734 2470 895 2552 Dei
940 2471 1079 2583 qui
1124 2467 1573 2554 Civitatem
1628 2496 1869 2551 suam
1921 2481 2404 2579 perpetuam
2445 2494 2539 2549 ac
2595 2468 3192 2577 sempiternam
3237 2499 3450 2591 conv·-

393 2615 661 2723 didit,
726 2610 885 2695 Dei
938 2612 1179 2719 cujus
1248 2610 1899 2695 misericordiam
1974 2634 2201 2723 reges
2254 2604 2352 2695 in
2409 2606 2686 2693 media
2757 2608 3010 2721 ipsius
3069 2604 3438 2695 Ecclesia

390 2758 845 2866 exstirpare
898 2752 1176 2836 conati
1232 2766 1483 2860 sunt;
1547 2750 1706 2833 Dei
1762 2749 1907 2863 qui
1950 2776 2145 2836 vere
2174 2810 2203 2857 ,
2263 2747 2642 2833 hostibus
2703 2749 2896 2861 ipsis
2955 2750 3440 2839 confitenti-

386 2896 557 2983 bus
589 2964 612 3010 ,
676 2896 835 2980 Dei
890 2921 1209 2977 nomen
1267 2888 1571 3001 habet3
1631 2890 1767 2975 cui
1828 2890 2053 2981 Crux
2122 2887 2452 3004 ubique.
2493 2904 2902 2981 terrarum
2963 2908 3085 2980 est
3139 2895 3363 2981 laudi
3407 2960 3438 3011 ,

392 3039 635 3146 cujus
694 3064 955 3120 manu
996 3066 1091 3119 ac
1142 3051 1537 3146 potestate
1582 3034 2047 3137 Christiana
2108 3036 2392 3159 religio
2437 3038 3044 3123 constitutaest
3077 3098 3096 3121 .
3133 3034 3434 3154 -Itaque

390 3183 771 3293 primum
826 3192 1013 3289 peto
1070 3194 1169 3260 ut
1226 3174 1643 3284 Hebraei,
1702 3194 1800 3259 ut
1842 3176 2320 3288 Haeretici,
2381 3195 2480 3262 ut
2535 3178 2952 3264 Increduli
2984 3245 3009 3291 ,
3073 3197 3172 3265 ut
3227 3179 3438 3266 Infit·

390 3325 621 3410 deles
649 3382 677 3429 ,
740 3348 827 3401 re
886 3320 1249 3431 quaesita
1308 3318 1797 3431 diligenter,
1861 3332 1943 3399 et
1998 3320 2102 3401 ad
2158 3319 2708 3405 severissimas
2777 3322 3128 3409 Criticae
3187 3350 3438 3441 regu·-

391 3466 519 3553 las
578 3466 877 3577 agitata
907 3522 938 3570 ,
1000 3460 1275 3541 dicant
1334 3458 1532 3571 qnid
1566 3456 1937 3569 ,emptius
1994 3458 2257 3579 velint
2310 3486 2476 3573 quo
2532 3476 2892 3549 statuere
2938 3460 3426 3578 debeamus,

394 3607 559 3690 hoc
620 3602 949 3687 Psalmo
1034 3603 1191 3716 qui.
1232 3600 1671 3714 permultIs
1714 3606 1931 3693 rsin’e
1988 3600 2157 3687 ullo
2232 3600 2484 3687 dubio
2540 3602 2846 3717 seculis
2906 3620 3101 3697 ante
3158 3618 3438 3693 ortum

394 3745 711 3831 Christi
770 3745 1037 3827 editus
1109 3758 1237 3827 est
1263 3804 1287 3851 ,
1346 3748 1539 3829 vere
1572 3804 1601 3853 ,
1654 3742 1954 3853 unice,
2012 3744 2334 3856 proprie
2365 3808 2392 3854 ,
2451 3742 3096 3833 ineluctabiliter
3155 3750 3436 3835 laudes

402 3888 729 3971 concini
791 3880 952 3968 Dei
1010 3900 1093 3967 et
1133 3879 1471 3968 Domini
1511 3884 1709 3971 Jesu
1754 3888 2109 3972 Christi.
2172 3888 2501 3975 Deinde
2555 3894 3020 3975 ut.summi
3079 3896 3215 3977 isti
3274 3924 3436 3977 no*

398 4040 765 4109 strorum
818 4042 1289 4135 temporum
1348 4023 1815 4139 Philosophi
1862 4088 1887 4139 ,
1946 4058 2093 4113 seu
2146 4033 2414 4141 potius
2497 4026 2872 4155 φιλὸμωροι
2957 4034 3368 4147 explicent
3403 4096 3430 4145 ,

398 4185 651 4284 atque
696 4198 861 4281 :nos
924 4172 1269 4270 doceant
1326 4170 1810 4286 diligenter,
1888 4190 1975 4257 et
2030 4173 2310 4259 critice
2341 4239 2365 4286 ,
2441 4204 2800 4293 quanam
2859 4177 3036 4261 fieri
3111 4184 3428 4265 ratione

392 4314 761 4423 potuerit
792 4374 815 4419 ,
862 4327 959 4393 ut
1006 4310 1209 4397 Jew
1264 4312 1573 4397 Christi
1632 4328 1805 4397 tam
1860 4317 2400 4427 manifestae,
2435 4312 2622 4403 tam
2693 4321 2864 4427 ejus
2923 4314 3174 4407 unius
3239 4352 3433 4437 pro*

392 4455 619 4565 priae
650 4516 677 4562 ,
733 4467 907 4535 tam
966 4455 1325 4569 insignes
1356 4515 1383 4562 ,
1442 4469 1617 4541 tam
1676 4455 1991 4542 multae
2058 4454 2344 4543 laudes
2398 4472 2524 4543 tot
2579 4476 2765 4543 ante
2825 4462 3118 4547 seculis
3181 4492 3433 4579 quam

398 4608 629 4677 ortus
692 4611 815 4679 est
873 4578 1550 4709 concine'rentur',
1580 4602 1671 4684 ,εἰ
1732 4600 2067 4713 quidem
2106 4627 2266 4687 nec
2321 4600 2494 4712 ipse
2555 4602 2784 4687 Deus
2843 4616 2966 4687 est
2995 4664 3020 4713 ,
3081 4634 3234 4689 nec
3291 4606 3432 4691 ul·-

398 4734 533 4819 1us
594 4752 715 4821 est
774 4741 1116 4821 omnino
1177 4738 1402 4822 Deus
1437 4803 1461 4849 ,
1521 4752 1666 4822 aut
1716 4740 2029 4853 siquis,
2092 4741 2159 4825 is
2219 4756 2505 4825 tamen
2563 4746 2704 4857 qui
2779 4763 2921 4828 aut
2975 4746 3208 4829 nulla
3265 4744 3430 4829 hu-

401 4902 845 4967 manarum
897 4908 1171 4963 rerum
1232 4910 1423 5003 cura
1477 4896 1919 4997 tangatur,
2000 4868 2145 4967 aut
2198 4885 2306 4967 sit
2364 4888 2536 4996 ipsa
2608 4914 2888 4969 rerum
2943 4886 3428 4969 universitas

408 5038 615 5124 quae
672 5047 903 5104 caeca
966 5035 1046 5103 et
1096 4996 1601 5118 ineluctabili
1646 5028 1993 5115 ducatur
2047 5031 2570 5113 necessitate.
2619 5028 2780 5115 Sed
2841 5058 2989 5145 ego
3053 5056 3227 5111 rem
3271 5052 3424 5136 po-

1912 5192 2233 5281 72⁶2
