4500 6184
1086 485 1452 570 (ΞΛΜ-ιο.
1488 482 1741 569 Scau.
1765 480 1871 568 II.
1908 481 2108 566 CAP.
2132 481 2243 567 ΙΙ.
2275 479 2653 570 DECLAR.
3115 513 3296 607 ²⁰7
3421 485 3426 491 ’

355 635 807 758 ficationes
868 641 1061 716 sunt
1118 629 1611 714 Sanctorum
1694 631 1865 735 (1).
1952 625 2185 710 Uxor
2238 644 2524 711 autem
2581 609 2702 712 est
2759 630 2966 716 haec
3017 635 3187 746 ipsa
3251 637 3421 726 Sua

376 775 808 863 lammitha
841 837 863 882 ,
932 771 1241 854 scilicet
1282 771 1751 854 Christiana
1798 767 2381 855 Hebraeorum
2419 771 2822 886 Ecclesia,
2887 807 3097 892 quae
3143 777 3410 900 Gens,
3503 877 3508 882 ,

379 952 479 1004 ex
539 949 701 1034 quo
752 915 1099 1000 Messias
1160 917 1655 1026 advenerat,
1717 943 1877 996 nec
1916 943 2294 1027 unquam
2331 944 2508 998 sese
2564 919 2878 1027 nuptiis
2933 949 3126 1004 cum
3167 921 3416 1039 Agno

374 1061 557 1146 Deo
636 1063 1167 1176 Dominoque
1242 1077 1527 1143 nostro
1600 1057 1801 1141 Jesu
1886 1054 2402 1142 celebrandis
2471 1079 3094 1168 praeparaverat
3135 1127 3159 1175 ,
3249 1091 3408 1172 nec

378 1177 453 1292 ei
516 1209 805 1290 datum
876 1203 1140 1287 adhuc
1202 1201 1471 1284 fuerat
1508 1263 1531 1310 ,
1594 1215 1691 1282 ut
1752 1227 1837 1280 se
1918 1198 2404 1308 splendente
2474 1203 2990 1318 candidoque:
3061 1203 3413 1323 byssino

378 1351 829 1460 cooperiret
862 1413 885 1460 ,
948 1351 1149 1460 ipsis
1208 1343 1715 1430 Sanctorum
1756 1335 2552 1454 justificationibuS,
2609 1345 2766 1427 hoc
2828 1363 2951 1430 est
3007 1343 3412 1433 Christia-

374 1509 749 1576 norum.‘
842 1465 993 1574 Sio'
1060 1488 1293 1572 enim
1344 1485 1837 1599 Apostolicis
1920 1484 2428 1598 temporibus
2488 1486 2940 1571 Christiani
3020 1496 3418 1579 nomina-

371 1628 737 1743 bantur,
827 1641 922 1714 ut
1006 1627 1107 1715 ab
1195 1631 1677 1713 eorumdem
1763 1628 2348 1740 Apostolorum
2434 1631 2795 1742 epistolis.
2875 1608 3418 1718 manifestum

371 1789 591 1856 est..
642 1776 1256 1885 Quum'autem
1314 1777 1467 1858 hoc
1525 1775 1701 1886 ipso
1762 1789 2185 1884 tempore,
2267 1775 2368 1856 ad
2429 1775 2645 1887 quod
2721 1776 3136 1858 actionem
3195 1777 3416 1862 Dra·-

368 1917 625 2002 matis
711 1920 1119 2027 pertinere
1206 1917 1567 1998 diximus
1613 1979 1637 2024 ,
1729 1915 2253 2028 quorundam
2337 1909 2912 1998 Hebraeorum
2993 1925 3422 2005 conversio

374 2061 803 2167 evenerit,
870 2062 1255 2166 omnium
1310 2087 1505 2140 vero
1566 2061 1944 2168 proxima
1996 2051 2159 2164 sit,
2222 2056 2421 2140 inde
2483 2073 2606 2140 est
2678 2061 2896 2171 quod
2957 2043 3419 2146 Sulammi-

372 2199 523 2282 tha
576 2187 1045 2310 nuptialem
1114 2198 1579 2280 thalamum
1640 2194 1947 2279 Dilecti
2022 2213 2104 2280 et
2159 2224 2412 2279 suum
2484 2201 2978 2308 pronunciat
3039 2226 3216 2285 esse
3286 2204 3424 2284 vi-
3479 2299 3487 2306 ,

290 2421 303 2434 ,
372 2356 765 2449 rentem,
842 2371 890 2422 a
964 2339 1386 2449 pomiferis
1454 2335 1887 2421 arboribus
1943 2338 2183 2419 ducta
2256 2337 2732 2446 metaphora
2767 2401 2798 2447 ,
2872 2368 3083 2452 quae
3153 2372 3422 2458 quum

370 2513 573 2566 vere
620 2496 1054 2591 appetente
1090 2481 1407 2586 virent,
1456 2507 1743 2562 earum
1782 2479 2026 2561 flores
2084 2492 2167 2560 et
2221 2477 2536 2560 fructus
2598 2480 2690 2558 in
2745 2481 3127 2588 proximo
3163 2503 3360 2567 sunt
3392 2552 3415 2571 .

368 2621 679 2708 Exciso
754 2625 977 2704 enim
1048 2649 1246 2702 mox
1320 2616 1827 2702 Antichristo
1868 2681 1901 2727 .,
1976 2617 2221 2698 flores
2294 2617 2770 2744 fructusque
2851 2649 2954 2702 ex
3022 2627 3417 2720 omnibus

374 2761 785 2848 Hebraeis
847 2764 1136 2872 optimi
1194 2775 1633 2872 erumpent
1666 2821 1691 2844 .
3341 2759 3348 2766 ’

620 2901 913 2986 Cetera
968 2904 1212 3012 hujus
1254 2903 1427 3038 loci,
1458 2901 1705 2987 rerba
1758 2904 2464 3018 magnificentiam
2506 2908 3160 3026 suavitatemque
3217 2918 3426 3000 odo·—
3541 2963 3546 2968 ·

374 3048 485 3130 ris
559 3045 1073 3130 Christianae
1133 3043 1703 3129 Hebraeorum
1760 3044 2171 3129 Ecclesiae
2234 3048 2650 3131 declarant
2685 3109 2703 3130 .

440 3199 451 3212 '
503 3186 681 3272 Sul.
752 3187 1213 3295 (omn.)
1314 3219 1351 3276 ι
1440 3187 1629 3304 Ego
1694 3217 1897 3275 rosa
1949 3188 2292 3274 Samnis
2333 3189 2356 3272 ἕ.
2421 3189 2732 3274 Lilium
2787 3197 3357 3281 convallium!

624 3330 847 3415 Loca
908 3361 1115 3445 quae
1180 3330 1519 3418 Saronis
1583 3337 1929 3418 nornine·
1995 3317 2728 3443 nuncuparentur,
2811 3351 3168 3448 quatuor
3235 3338 3427 3420 fue-

386 3488 593 3561 runt
624 3537 655 3582 ,
714 3476 815 3558 de
872 3473 1175 3588 quihus.
1230 3480 1417 3562 vide
1462 3479 1994 3587 Calmetum3
2060 3493 2140 3560 et
2182 3503 2499 3558 nomen
2554 3476 2726 3557 hoc'
2769 3493 3181 3598 praeterea
3213 3477 3428 3584 vpla-

384 3618 699 3706 nitiem
750 3639 1301 3730 campumque
1367 3620 1774 3732 significat
1805 3680 1832 3700 ..
1907 3613 2067 3701 Sed
2123 3643 2624 3730 quocunque
2689 3619 2942 3702 modo·
3014 3619 3428 3727 interpre-

384 3768 571 3836 tere
602 3817 625 3862 ,
688 3752 933 3838 mens
984 3761 1191 3842 sacri
1238 3756 1671 3874 Scriptoris
1721 3762 2163 3845 manifesta
2216 3775 2346 3843 est.
2417 3761 2842 3873 loquentis
2923 3759 3020 3840 de
3081 3755 3428 3874 floribus

386 3899 539 4010 qui
602 3901 1281 4008 praestantissimi
1338 3905 1726 3985 omnium.
1778 3896 2286 3985 haberentur
2307 3965 2329 4008 ,
2389 3917 2475 3984 et
2525 3930 2806 3984 sermo-
2857 3917 2980 3984 est
3039 3901 3428 4016 allegori-

394 4067 545 4122 cus
580 4099 608 4120 ..
659 4037 891 4124 Nam
954 4041 1553 4152 Sulammitha,
1608 4043 1769 4125 hoc
1822 4037 1941 4124 es't
2000 4043 2442 4124 christiana
2501 4040 3070 4126 Hebraeorum
3133 4039 3427 4125 Eccle-

394 4181 523 4266 sia
574 4181 1007 4297 indignam
1062 4211 1243 4267 soee
1296 4199 1689 4294 reputa-ns
1728 4179 2095 4296 qualibet
2146 4185 2374 4265 inter
2409 4183 2922 4280 Christianos.
2962 4182 3362 4297 dignitate
3398 4252 3425 4300 ,

402 4326 593 4431 quia
652 4341 884 4440 gens
916 4323 1296 4410 Hebraea
1346 4341 1523 4409 tam
1592 4329 1735 4410 diu
1766 4390 1799 4437 ,
1862 4343 2043 4410 tam
2095 4326 2495 4436 turpiter,
2575 4333 2755 4406 tam'
2825 4321 3136 4433 perfide
3185 4317 3430 4404 Mes·

404 4468 611 4554 siam
672 4465 1100 4550 Dilectum
1154 4498 1209 4550 a
1256 4477 1353 4548 se·
1408 4463 1893 4578 repulisset,
1965 4471 2572 4578 admiratione,
2648 4481 3242 4576 conte-mtuque:
3291 4465 3428 4548 sui

407 4609 879 4718 plenissima
912 4671 937 4717 ,
1014 4625 1097 4692 et
1150 4609 1465 4691 factum
1522 4611 1793 4722 gentis
1858 4637 2066 4692 suae·
2114 4611 2486 4691 maxime
2543 4610 2948 4692 detestans
2981 4670 3010 4715 ,
3087 4607 3434 4688 eodem--

414 4776 569 4864 que
630 4750 889 4837 tristis
940 4783 1045 4838 ac
1082 4769 1483 4858 moerens
1518 4755 1715 4839 haec
1760 4748 2005 4838 rerba
2058 4754 2548 4865 pronunciat
2579 4813 2606 4863 ,
2664 4745 3134 4860 proximam
3187 4769 3435 4856 suam

514 5075 611 5160 (¹)
656 5077 857 5164 Apoc..
896 5077 1069 5147 xlx.
1115 5101 1173 5165 3,
1220 5093 1293 5149 et
1328 5101 1520 5168 seqq.
