4500 6184
1191 430 1401 538 284*
1489 521 1496 530 ,
1781 454 1791 467 ’
1957 456 2062 516 DE
2123 426 2404 517 Cnucs
2457 431 3013 520 Vim-mmmm
3066 434 3173 522 V.
4011 520 4015 523 ,

1086 567 1263 652 lo'co
1321 564 1852 655 tribuendam
1921 600 2092 655 esse
2153 588 2539 685 putamus
2572 638 2594 681 ‚
2687 578 3163 680 praesertim
3248 602 3505 690 quum
3564 576 3807 663 ‘facile
3862 584 3973 665 sit
4054 616 4101 673 a

1087 713 1528 798 Salomone
1569 718 2208 827 pronunciatum
2249 692 2499 802 fuisse
2556 689 2791 819 D‘ff-fl'!
2824 783 2849 828 ,
2892 720 3261 804 hoverim
3300 787 3323 830 ⁷
3368 751 3543 806 non
3604 726 3838 831 ⁰5²?ss
3869 788 3895 833 ‚
3937 729 4109 814 ha-

1081 859 1339 943 verim
1375 920 1401 967 ‚
1489 878 1584 945 ut
1673 863 1912 944 hodie
1979 879 2177 945 sunt
2245 881 2547 975 puncta
2580 926 2599 947 .
2687 866 2775 950 N
2782 894 2870 949 ec
2937 894 3129 951 vero
3212 867 3446 950 aliter
3526 867 4096 985 intelligendos

1083 1026 1252 1121 esse
1301 998 1833 1118 Septuaginta
1863 1068 1886 1111 ⁷
1958 1020 2039 1086 et
2081 1006 2537 1122 Vulgatum
2594 1010 3153 1093 existimamus
3188 1075 3213 1120 ‚
3256 1042 3305 1092 a
3366 1006 3659 1125 quibus·
3719 1013 3803 1093 hi
3848 1010 4103 1096 Prae-

1045 1147 1532 1259 ,stigiatores
1589 1146 1799 1230 socii
1856 1161 1939 1227 et
1997 1148 2248 1233 amici
2306 1148 2679 1260 appellati
2732 1166 2931 1232 sunt
2963 1209 2988 1230 .
3046 1150 3277 1235 Nam
3334 1152 3565 1260 juxta
3620 1182 3755 1237 eos
3818 1154 4105 1265 dicen·-

1079 1290 1282 1372 dum
1329 1302 1450 1369 est
1477 1350 1501 1397 ‚
1570 1287 1988 1371 Dilectum
2033 1290 2131 1370 de
2191 1286 2665 1370 hominibus
2705 1290 3270 1399 perditissimis
3330 1293 3909 1408 acerrimisque
3964 1302 4093 1382 sui

1073 1426 1446 1515 hostibus
1505 1434 1622 1513 ita
1679 1431 1955 1545 loqui,
2017 1432 2714 1543 quemadmodum
2756 1449 3033 1543 postea
3086 1437 3586 1545 proditorem
3628 1434 3933 1521 Judam
3974 1438 4113 1522 al*

1075 1581 1461 1697 loquutus
1525 1589 1700 1680 est,
1762 1574 2119 1685 Amice,
2185 1572 2303 1657 ad
2355 1573 2557 1688 quid
2614 1575 2917 1658 venisti
2968 1572 3097 1683 (1)
3144 1574 3189 1659 ἶ)

1315 1720 1700 1804 Ceterum
1759 1720 2180 1835 Vulgatus·
2249 1714 2690 1801 rerborum
2758 1718 3133 1804 ordinem
3204 1722 3680 1803 immutavit
3746 1718 3895 1804 uhi
3968 1724 4105 1807 di·-

1069 1866 1246 1971 xit,
1307 1862 1460 1971 fite
1534 1892 1662 1945 mc
1733 1855 2023 1948 audire
2079 1851 2393 1953 'vocem
2444 1876 2731 1944 tuam.
2820 1858 3052 1946 Nam
3112 1864 3307 1945 haec
3359 1888 3645 1946 vocem
3704 1874 3935 1945 tuam
4018 1882 4105 1948 et

1070 2008 1169 2088 in
1229 1999 1610 2086 Hebraeo
1644 2068 1668 2112 ,
1745 2019 1824 2085 ct
1909 2006 2126 2113 apud
2186 2001 2719 2117 Septuaginta
2800 2002 3080 2109 juncta
3160 2017 3361 2085 sunt.
3430 1998 3675 2084 verbo
3742 2006 4108 2088 auscul-

1070 2158 1250 2229 tant
1301 2164 1320 2227 ι·
1417 2146 1633 2255 apud
1707 2142 2124 2228 Hebraeos
2197 2174 2293 2229 eo
2350 2138 2829 2229 'sententiae
2916 2142 3201 2229 ordine
3233 2144 3567 2258 ‚'‘quem
3622 2146 4027 2227 edidimus
4072 2178 4101 2254 ς

1014 2294 1017 2297 ’
1071 2288 1290 2397 apud
1348 2283 1884 2400 Septuaginta
1943 2313 2138 2369 vero
2195 2290 2377 2370 ita:
2438 2286 2679 2403 ἑταῖροι
2744 2282 3193 2405 upon-fixeras
3250 2298 3341 2399 τῇ
3393 2298 3580 2401 φωνᾷ
3630 2322 3813 2391 σου,
3874 2284 4103 2375 ἅπασά·

1071 2428 1258 2518 τεο-ὄν
1310 2467 1407 2545 με
1455 2491 1474 2511 .
1559 2487 1567 2496 -
1776 2427 1782 2435 ’
3607 2424 3645 2431 “
3984 2438 3993 2445 ‘
4099 2502 4107 2509 .

1193 2568 1593 2660 Sulamm.
1659 2578 2006 2659 excitata
2041 2597 2102 2659 .·
2159 2578 2270 2677 14
2352 2572 2646 2691 Fuge,
2692 2568 3013 2659 Dilecte
3066 2574 3185 2655 mi
3200 2566 3253 2682 ·,’
3296 2586 3373 2655 et
3434 2564 3784 2655 similem
3840 2566 4105 2679 tefiz-

1135 2704 1146 2714 ’
1207 2706 1216 2713 ’
1423 2719 1584 2805 cito
1664 2744 2012 2827 capreae
2046 2779 2070 2825 ‚
2157 2717 2608 2800 hinnulove
2676 2706 3117 2803 cervarum
3184 2742 3437 2824 super
3508 2725 3823 2797 montes
3900 2719 4100 2798 aro-

1424 2872 1744 2942 matum
1779 2920 1796 2939 .
2902 2862 2909 2867 ’
3028 2850 3037 2859 “

1303 3000 1722 3084 Excitatae
1782 2997 1886 3083 ab
1947 3002 2206 3083 extasi
2241 3065 2265 3110 ‚
2328 3004 2660 3114 suisque
2722 3003 3142 3083 restitutae
3200 2996 3591 3095 sensibus
3640 2994 4100 3082 Sulammi-

1064 3138 1309 3250 thae,
1376 3169 1585 3253 quae
1643 3142 1910 3248 prima
1971 3122 2393 3224 occurrere
2452 3136 2798 3223 debehat
2858 3140 3288 3254 cogitati0‚
3349 3155 3519 3223 erat
3578 3141 3675 3223 de
3732 3132 4095 3249 periculo
4145 3198 4153 3205 .

1073 3285 1170 3367 in
1231 3308 1390 3395 quo
1435 3278 1888 3363 Christiani
1947 3278 2795 3365 versabantur.'Nam
2854 3296 2935 3362 et
2976 3276 3691 3393 Praestigiator'eS,
3751 3297 3851 3364 ut
3902 3310 4092 3391 per-

1071 3425 1513 3505 suaderent
1572 3420 2178 3507 Antichristum
2264 3452 2434 3509 esse
2520 3424 2769 3505 deum
2802 3484 2825 3530 ‚
2914 3451 3006 3504 ea
3088 3423 3322 3535 signa
3404 3418 3867 3530 faciebant,
3954 3446 4096 3537 per

1073 3592 1284 3677 quae
1316 3626 1339 3671 ,
1399 3567 1467 3647 si
1528 3566 1707 3649 fieri
1759 3579 2083 3678 posset,
2147 3572 2240 3651 in
2300 3592 2657 3651 errorem
2710 3565 3299 3649 inducerentur
3356 3565 3607 3646 etiam
3648 3558 3973 3669 Electi3
4018 3572 4099 3643 et

1067 3701 1642 3791 Antichristus
1717 3721 2036 3789 tantam
2109 3703 2417 3821 ubique
2492 3708 2866 3823 gentium
2947 3703 3659 3817 persequutionem
3730 3702 3825 3783 in
3880 3700 4099 3785 chri-

1073 3846 1446 3927 stianum
1507 3874 1824 3929 nomen
1883 3850 2358 3930 incenderat
2390 3910 2413 3956 ‚
2484 3862 2581 3929 ut
2636 3846 2847 3929 nihil
2903 3847 3163 3960 magis
3223 3846 3770 3929 metuendum
3832 3860 4037 3929 esset
4070 3902 4097 3953 ‚

1073 4014 1325 4103 quam
1382 4014 1491 4070 ne
1551 3986 2000 4070 Christiani
2059 3989 2519 4105 praestigiis
2568 3990 2821 4098 victi,
2914 4005 2995 4071 et
3050 4004 3729 4101 persequutorum
3788 3988 4093 4071 imma·

1071 4130 1338 4211 nitate
1398 4130 1820 4241 deterriti,
1881 4130 2194 4240 abjecta
2264 4134 2773 4217 sanctissima
2833 4130 3221 4245 religione
3254 4192 3279 4240 ,
3350 4124 3451 4213 ad
3508 4130 3823 4215 nefaria
3876 4122 4091 4215 illius

1071 4266 1406 4355 Belluae
1477 4288 1738 4356 castra
1795 4276 2403 4392 trans-fugerent
2445 4335 2466 4356 .
2542 4273 2867 4358 Horum
2935 4274 3147 4356 nihil
3204 4274 3558 4358 facturos
3628 4301 3798 4357 esse
3833 4334 3857 4380 ‚
3934 4266 4107 4354 Su·-

1071 4406 1506 4494 lammitha
1579 4430 2094 4523 compertum
2173 4410 2528 4497 habebat
2554 4474 2579 4522 ,
2644 4414 2892 4495 modo
2960 4440 3109 4497 sua
3168 4415 3423 4528 gratia
3480 4412 3850 4497 Dilectus
3932 4410 4107 4494 illis

1016 4663 1022 4673 ι
1067 4566 1388 4667 praesto
1467 4566 1677 4635 esset
1710 4594 1758 4634 .·
1823 4553 2061 4663 Quod
2131 4570 2226 4637 ut
2288 4553 2667 4637 Dilectus
2714 4552 2955 4635 faciat
2986 4616 3011 4664 ,
3088 4554 3215 4637 his
3274 4550 3543 4637 verbis
3595 4552 4109 4664 plenissimis

1039 4691 1380 4779 amoris
1435 4687 1542 4778 ab
1602 4722 1697 4776 eo
1753 4698 1956 4821 petit
1985 4759 2014 4811 ‚
2057 4698 2575 4816 eundemque
2630 4712 3005 4813 precatur
3062 4712 3159 4785 ut
3220 4724 3468 4815 quam
3526 4694 3947 4781 celerrime
4007 4722 4113 4780 ae

1146 5017 1246 5105 (ι)
1292 5014 1516 5089 Matth.
1559 5020 1730 5091 xvl.
1779 5039 1890 5103 50.
