4500 6184
1517 482 2375 574 P‘nA‘BrA‘rxo.
2838 529 2846 534 ·
3136 490 3358 580 {xiii

451 639 632 734 post
687 623 928 710 ilium
981 623 1342 740 plerique
1398 645 1779 714 nostrum
1833 659 2188 716 sumus.
2277 629 2506 716 Adeo
2564 659 2919 748 magna,
2998 595 3385 718 sublimia
3430 697 3459 748 ,

370 781 379 788 ‘
438 767 668 848 omni
729 767 1267 850 admiratione
1327 769 1637 874 majora
1693 787 1890 854 sunt
1963 801 2176 886 quae
2233 773 2333 855 de
2392 772 2552 857 Dei
2612 773 3123 889 Dominique
3192 772 3457 862 nostri

438 902 639 990 Je'su
699 905 1001 994 Christi
1061 938 1300 994 cruce
1359 911 1800 994 dixer-,unt

659 1191 773 1278 H.
857 1187 1526 1278 Sacrosa'nceam‘
1561 1177 1762 1276 Filii
1817 1184 1978 1277 Dei
2033 1221 2353 1280 crucem
2414 1221 2533 1280 em
2591 1193 3145 1282 Hebraeorum
3210 1209 3454 1280 texite

877 1337 1158 1450 sitisse
1217 1335 1762 1448 effodiendam
1797 1401 1814 1420 .
1867 1338 2062 1422 Orto
2122 1337 2307 1421 inde
2362 1337 2811 1425 necessitas
2870 1311 3463 1448 interpretandi

865 1505 1009 1562 ea:
1069 1475 1438 1562 Hebraeo
1497 1479 1902 1564 vaticinia
1961 1477 2064 1564 de
2121 1503 2362 1564 cruce
2392 1543 2419 1590 ,
2478 1491 2555 1563 et
2610 1476 3138 1566 declarandi.

555 1759 768 1868 Sed,
831 1773 926 1842 ut
985 1758 1424 1842 veniamus
1473 1758 1576 1838 ad
1635 1771 2011 1863 nostros,
2075 1772 2519 1868 augustum
2576 1757 2813 1840 illam
2854 1759 3301 1846 Truneum
3354 1765 3453 1846 in

427 1896 934 1985 versionibus
995 1925 1411 1982 sacrorum
1465 1897 1970 2004 Librorum,
2045 1927 2252 2010 quae
2313 1900 2709 1983 hactenus
2768 1904 3219 2011 permuitae
3294 1937 3451 2018 pa-

429 2061 830 2155 ruerunt,
891 2044 1188 2125 frustra
1251 2045 1430 2154 quis
1492 2059 1878 2156 quaerat..
1927 2041 2212 2154 Itaque
2272 2067 2375 2122 ex
2434 2043 2613 2152 ipso
2672 2045 2945 2127 codice
3002 2047 3451 2136 hominum

429 2185 738 2270 Crucis
799 2178 1564 2268 inimicissimorum
1649 2185 2197 2266 effodiendus
2239 2183 2453 2290 fuit,
2544 2183 3116 2270 Judaeomm.
3210 2193 3449 2302 Quod

431 2355 634 2411 sane
691 2311 1000 2437 optime
1049 2327 1316 2435 eadit
1379 2339 1475 2408 ut
1523 2325 1964 2410 Christiani
2025 2327 2182 2410 Dei
2241 2329 2501 2409 nostri
2560 2353 2889 2411 crucem
2938 2327 3051 2411 ab
3110 2325 3447 2416 Iudaeis

427 2463 1120 2578 necopinantibus
1205 2467 1298 2547 in
1353 2493 1652 2549 manus
1710 2495 1854 2576 pro
1941 2468 2192 2549 armis
2248 2485 2717 2579 acceptam,
2787 2455 2879 2552 in
2940 2471 3154 2581 ipsos
3230 2475 3450 2558 nihi}

427 2613 588 2696 tale
645 2615 1030 2693 timentes
1089 2623 1226 2692 aut
1276 2623 1828 2717 exspectantes
1890 2611 2503 2692 convertamus.
2554 2613 2752 2694 Orta
2812 2627 2933 2694 est
2992 2643 3185 2728 ergo
3246 2617 3452 2695 inde
3583 2619 3600 2627 “

428 2755 860 2836 necessitas
919 2749 1506 2858 interpretandi
1551 2775 1651 2830 ex
1709 2745 2058 2829 hebraeo
2115 2777 2499 2832 sermone
2558 2752 2943 2862 vaticinia
3006 2687 3129 2835 ino
3140 2752 3441 2867 quibus

425 2891 878 3004 Prophetae
941 2892 1040 2971 de
1099 2887 1358 2971 Cruee
1417 2890 2000 3002 loquerentur,
2077 2892 2526 3006 eademque
2584 2895 3045 2977 declarandi
3102 2909 3187 2976 et
3246 2895 3443 2977 illu-

428 3021 790 3120 strandi'.
837 3027 1078 3114 Nova
1135 3031 1361 3110 enim
1417 3034 1678 3112 versio
1737 3021 2186 3113 necessaria
2243 3049 2415 3114 erat
2449 3095 2471 3140 ‚
2535 3049 2625 3114 ut
2685 3031 2787 3115 ab
2830 3033 3235 3117 'omnibus
3296 3043 3457 3118 co-'

430 3175 706 3290 gnosci
743 3187 1140 3282 'possem-
1233 3172 1458 3280 Quae
1517 3198 1776 3286 quum
1836 3175 2217 3288 aliquam·
2252 3201 2575 3284 semper
2632 3171 2925 3256 habeat
2983 3173 3443 3258 obse-urite*

425 3327 598 3396 tem
655 3327 842 3394 tum
903 3327 1223 3422 propter
1266 3315 1932 3427 magnitudinem
1995 3339 2312 3420 rerum,
2362 3332 2545 3396 tum
2604 3331 2930 3424 propter
2984 3318 3248 3426 ipsum
3310 3323 3441 3404 lo-

431 3455 734 3568 quendi
809 3481 1068 3568 genus
1152 3483 1327 3538 non
1403 3455 1598 3537 raro
1655 3485 1699 3538 a
1753 3457 2373 3540 'consuetudine
2464 3457 2877 3539 diversum
2966 3475 3440 3543 nostrorum

428 3607 895 3704 temporum
926 3658 950 3705 ‚
1013 3597 1576 3681 declarationis
1635 3615 1818 3714 eget
1849 3659 1872 3680 .
1943 3599 2121 3708 Qua
2197 3601 2517 3680 ratione
2570 3613 3017 3710 utrumque
3093 3601 3443 3708 praesti-

427 3747 614 3818 tum
669 3739 831 3846 sit,
895 3736 1336 3819 dicendum
1399 3754 1575 3822 est.
3298 3749 3317 3766 ⁸

655 4007 818 4096 ΙΙΙ.
907 4011 1114 4097 Tria
1170 4041 1388 4128 quae
1441 4015 2043 4127 interpretando
2099 4017 2435 4127 sequuti
2484 4039 2841 4128 sumus;
2916 4043 3023 4102 ac
3069 4017 3447 4126 primum

906 4153 1010 4237 de
1047 4153 1234 4270 fide
1261 4214 1286 4236 .

549 4463 590 4521 1
689 4433 980 4550 Itaque
1035 4438 1645 4547 interpretando
1699 4436 1856 4518 tria
1913 4437 2280 4520 maxime
2336 4437 2659 4549 sequuti
2716 4457 3061 4544 sumus,
3118 4437 3366 4520 tidem
3397 4500 3427 4548 7

422 4575 834 4666 unitatem
926 4603 1200 4660 rerum
1233 4639 1258 4682 ‚
1335 4578 2048 4710 perspicuitatem.
2125 4575 2359 4661 Fides
2417 4579 2583 4660 duo
2640 4497 3151 4686 postuiaba't3
3226 4579 3441 4662 aite-

427 4744 618 4798 rum
676 4735 772 4800 ut
827 4719 1105 4800 omnia
1177 4727 1512 4830 soiaque
1568 4713 1813 4800 verba
1876 4716 2301 4830 Scriptoris
2372 4723 2776 4834 peregrini
2858 4722 3439 4827 interpretare-

431 4887 624 4944 mur
681 4863 794 4941 ita
851 4874 944 4940 ut
1003 4853 1106 4940 ah
1163 4860 1337 4968 ipso
1391 4860 1845 4968 conscripta
1902 4873 2158 4964 sunt,
2221 4857 2455 4940 nulio
2506 4885 2835 4969 prorsus
2894 4857 3145 4942 verbo
3200 4859 3439 4940 addi-

433 5011 518 5082 to
545 5061 574 5113 ,
649 4998 980 5106 nullove
1051 5001 1410 5110 detracto
1435 5065 1466 5115 ⁷
1551 5015 1698 5087 aut
1754 5001 2042 5116 quavis
2093 5003 2411 5086 ratione
2462 5015 2857 5112 mutat03
2932 5003 3095 5084 nisi
3166 4995 3441 5111 siquid
