4500 6184
1161 410 1340 497 262
1947 427 2054 484 mi
2109 398 2396 486 Caucis
2458 400 3005 486 ermmmm
3061 396 3165 485 V.
4139 511 4152 519 β

1040 586 1092 637 a
1151 550 1474 637 Dilecto
1535 545 1626 625 in
1691 538 2115 627 Hebraeos·
2151 543 2275 627 sit
2334 542 2748 625 saeviente
2824 537 3091 621 adhuc
3161 535 3760 653 immanissime
3818 529 4071 622 Anti-
4136 546 4143 551 ’

1031 692 1401 796 christO,
1477 685 1766 768 florere
1838 686 2008 793 jam
2065 687 2281 795 apud
2358 711 2491 767 eos
2552 679 2963 765 dehebant
3032 682 3235 764 dum
3304 680 3503 762 haec
3560 658 3703 761 ait'
3738 674 4099 783 Sulam-⁸

1039 833 1307 917 mitha
1365 843 1842 945 martyres:
1909 842 2174 941 atque.
2227 828 2317 909 id
2386 841 2511 909 est
2582 828 2801 941 quod
2860 827 3033 935 ipsa
3102 824 3503 936 inspicere
3580 820 3829 907 tertio
3891 819 4069 905 loeo

1049 974 1490 1083 desiderat.
4080 1036 4089 1051 .

1291 1109 1400 1194 Ut
1453 1110 1882 1219 inspiciam
1942 1122 2305 1193 recentes
2369 1105 2795 1192 Torrentis
2835 1110 3173 1220 fluctus
3223 1138 3244 1192 ε
3312 1106 3843 1223 Septuaginta
3896 1101 4080 1193 w«

1044 1268 1140 1349 zv.
1169 1258 1560 1375 ›ymvipaei
1600 1270 1722 1344 τοῦ
1777 1258 2152 1375 χειμάρῥου
2219 1268 2315 1337 ut
2394 1254 2827 1364 inspiciam
2903 1256 2985 1336 in
3055 1256 3559 1369 germinibus
3620 1250 3999 1335 torrentis
4042 1312 4072 1359 ‚

1045 1409 1149 1497 δεῖ
1235 1416 1355 1483 est
1411 1399 1642 1481 νίψον·
1672 1462 1698 1508 ,
1769 1400 2047 1508 virens
2081 1458 2111 1506 7
2157 1396 2507 1511 fructus
2583 1426 2859 1485 recens
2924 1404 3102 1507 (1);
3167 1414 3248 1481 et
3326 1376 3469 1487 ¹²03
3564 1414 3687 1480 est
3756 1395 4011 1476 vallis
4041 1456 4072 1502 ,

1048 1558 1358 1631 torrens
1394 1604 1414 1625 .
1481 1540 1700 1624 Hinc
1759 1544 2114 1624 rationes
2161 1544 2870 1655 interpretationis
2932 1543 3270 1658 Vulgati
3329 1545 3516 1627 licet
3576 1568 4067 1655 agnoscere,

1055 1689 1200 1801 qui
1252 1703 1610 1770 recentes
1669 1686 1980 1769 fructus
2026 1714 2288 1796 poma
2321 1749 2347 1797 ‚
2404 1703 2488 1770 et
2542 1702 3005 1771 torrentem
3082 1687 3511 1772 convalles
3588 1686 4076 1792 interpreta-

1057 1844 1190 1911 tus
1249 1845 1408 1909 est.

1180 1997 1292 2053 12
1367 1964 1760 2051 Nescio:
1843 1968 2130 2053 anima
2207 1998 2397 2054 mea
2477 1998 2609 2053 me
2678 1996 2974 2055 currus
3050 1970 3289 2082 ponit
3374 1970 3825 2052 voluntarii
3895 1942 4080 2052 Po·-

1389 2108 1583 2217 puli
1638 2108 1852 2190 mei.

1287 2250 2166 2335 Videadnotationem
2208 2254 2315 2335 ad
2368 2267 2746 2336 textum.
2794 2248 3109 2337 Currus
3168 2278 3348 2337 esse
3404 2242 3769 2353 alicujus
3832 2251 3890 2331 ii
3948 2253 4078 2334 di·-

977 2380 984 2385 ’
1051 2408 1358 2477 cuntur
1389 2395 1556 2506 ‚qui
1611 2393 2188 2506 aliquo-illum
2261 2394 2731 2476 adducunt..
2823 2390 2980 2475 Hic
3042 2392 3593 2477 Sulammitha
3650 2394 4081 2505 populares

903 2612 910 2619 .
1049 2560 1244 2620 suos
1306 2529 1720 2617 Hebraeos
1782 2536 1886 2618 ad
1947 2534 2369 2617 Dilectum
2428 2534 2651 2643 cupit
2704 2534 3106 2617 adducere
3182 2536 3581 2619 hortando
3611 2600 3636 2643 ,
3714 2563 4073 2619 monen-

1053 2676 1158 2757 do
1191 2738 1216 2781 ,
1291 2678 1570 2787 quavis
1629 2680 1946 2762 ratione
2015 2679 2485 2789 adjuvando
2516 2736 2541 2785 ,
2611 2692 2707 2758 ut
2780 2691 2863 2757 et.
2916 2678 3165 2758 fidem
3240 2678 3749 2787 suscipiant,
3832 2692 3914 2758 et
3986 2679 4075 2761 in

1051 2816 1212 2899 fide
1267 2832 1642 2928 suscepta
1697 2839 2216 2927 perseverent
2245 2885 2271 2930 ,
2336 2850 2490 2905 nec
2547 2822 2854 2929 minis,
2930 2821 3362 2903 tormentis
3396 2884 3419 2929 ‚
3483 2814 3873 2903 caedibus
3930 2820 4075 2902 de·····

1054 2976 1518 3044 terreantur
1548 3018 1586 3067 ,‚
1619 2964 1788 3041 sed.
1821 2977 2180 3044 mortem
2231 2964 2501 3072 ipsam
2554 2978 2936 3071 oppetere
2994 2958 3494 3069 perlibenter
3538 2964 3797 3071 parati
3854 2962 4069 3045 sint.

1055 3099 1256 3187 Post
1329 3116 1780 3183 torrentem
1849 3103 2088 3184 illum
2159 3107 2613 3217 gratiarum
2688 3134 2736 3187 a
2814 3100 3133 3187 Dilecto
3208 3108 3301 3186 in
3363 3100 3779 3187 Hebraeos
3854 3103 4071 3185 effis-

1053 3273 1303 3353 sum‚
1369 3242 1756 3351 permulti
1797 3244 1904 3327 e‘x
1959 3246 2060 3327 iis
2120 3248 2224 3328 ad
2284 3248 2481 3329 haec
2531 3250 3027 3358 paratissimi
3084 3278 3260 3331 esse
3302 3244 3823 3353 debuerunt3
3871 3240 4071 3327 novi

1055 3389 1466 3471 nimirum
1521 3402 1606 3469 et
1671 3387 2132 3471 voluntarii
2212 3391 2517 3475 milites
2578 3386 2935 3501 Christi,
3021 3387 3433 3505 iidemque
3518 3386 4077 3501 nobilissimi,

981 3608 986 3611 .
1057 3530 1626 3612 eramorein
1681 3528 1918 3645 illum
1973 3532 2627 3645 flagrantissimi.
2679 3532 2849 3617 Hos
2898 3531 3445 3617 Sulammitha
3500 3532 4064 3616 voluntarium

1042 3670 1454 3779 populum
1499 3698 1746 3773 suum
1803 3672 2209 3781 appellat,
2272 3702 2365 3755 ac
2426 3675 2525 3755 iis
2582 3676 2857 3761 adesse
2918 3678 3188 3783 cupit,
3249 3689 3346 3757 ut
3402 3675 3647 3758 fortes
3712 3676 3805 3757 in
3844 3700 4076 3756 mar-

1059 3811 1284 3927 tyrio
1342 3814 1446 3893 ad
1507 3811 1927 3895 Dilectum
1981 3840 2230 3895 suum
2288 3813 2381 3891 in
2438 3813 2698 3896 caelos
2756 3815 3144 3895 adducat.
3482 3830 3489 3835 '

1305 3948 1560 4033 Hunc
1639 3951 1916 4035 locum
1998 3955 2189 4036 satis
2271 3954 2495 4034 varie
2582 3954 3099 4063 interpretati
3186 3971 3386 4036 sunt
3428 4015 3449 4038 .
3544 3954 4075 4069 Septuaginta

1038 4096 1222 4182 Ὀὖι
1283 4094 1467 4213 ’ἔγνω
1512 4094 1552 4187 ἦ
1603 4088 1817 4207 ψυχή
1872 4132 2016 4211 μου
2049 4110 2075 4141 ‘
2135 4094 2315 4183 ἵθοτό
2362 4132 2455 4211 με
2515 4094 2819 4213 ἅρματα.
2878 4104 3287 4212 Α’μινσιῶἄβ
3328 4167 3347 4186 .
3426 4094 3828 4183 Nescz'vit
3885 4098 4073 4181 ani-‘-

1041 4264 1192 4323 ma
1252 4272 1491 4327 mea:
1545 4242 1832 4351 posuit
1887 4270 2016 4323 me
2073 4267 2364 4324 currus
2446 4242 2927 4345 (vehicula)
3004 4241 3541 4325 Aminadab.
3632 4235 3793 4325 Ubi
3860 4244 4071 4327 inest

1039 4383 1541 4496 ambiguitas
1579 4445 1596 4464 .
1663 4382 1992 4495 Duplex
2054 4382 2281 4462 enim
2336 4404 2511 4461 esse
2569 4396 2831 4506 potest
2888 4378 3485 4497 intelligentia:
3534 4384 3850 4467 scilicet
3902 4414 4069 4494 po-

1049 4526 1215 4607 suit
1276 4554 1403 4607 me
1457 4526 1844 4609 vehicula
1904 4522 2552 4633 Aminadabu33
2632 4539 2714 4607 et
2783 4518 3069 4632 posuit
3154 4554 3281 4617 me
3370 4528 3721 4631 (anima
3814 4526 4067 4629 mea)

1057 4666 1442 4752 vehicula
1501 4666 2022 4755 Aminadabi
2052 4728 2072 4750 .
2133 4666 2426 4783 Aquila
2457 4731 2483 4782 ,
2546 4664 3097 4785 Symmachus
3128 4732 3157 4785 7
3216 4685 3298 4755 et
3358 4670 3666 4781 Quinta
3720 4666 3997 4753 Editio
4044 4730 4073 4781 ,

1165 4984 1254 5069 (ι)
1305 4980 1610 5046 Montald.
1655 5000 1798 5069 pag.
1847 5000 1906 5049 ι.
