4500 6184
1307 449 1666 548 Isau:
1751 449 2116 535 CAru‘r
2165 447 3273 573 L111.79

373 597 522 680 riet
579 621 668 678 cs
723 619 1046 680 suum.
1115 589 1275 682 Sed
1331 621 1486 680 nos
1531 593 1974 680 miserrimi
2035 587 2395 676 Hebraei
2484 593 2853 752 crudeles
2912 597 3219 682 erimus
3279 597 3389 682 il-

368 736 522 822 lius
589 737 1040 851 exigendae
1087 737 1500 819 ministri.

564 873 1024 990 Exigctur
1089 882 1406 990 propria
1489 893 1614 964 est
1675 874 1906 964 verbi
1973 880 2495 996 significatio
2538 883 2709 988 (1)·
2688 945 2711 990 ‚
2777 885 2997 994 quod
3058 882 3396 996 quidem

363 1023 796 1132 praeterito
847 1034 972 1104 est
1003 1035 1398 1133 temp‘ore
1451 1024 1668 1133 apud
1743 1018 2214 1130 Hebraeos,
2294 1023 2435 1104 sed
2492 1019 2599 1104 ob
2656 1049 2944 1108 causas
3002 1049 3202 1139 quas
3264 1023 3399 1105 di·-

363 1161 636 1246 ximus
725 1163 964 1248 initio
993 1223 1020 1274 ,
1093 1166 1352 1250 futuri
1411 1169 1822 1252 sententia
1855 1227 1879 1248 .
1951 1162 2383 1280 Exigendi
2456 1167 3057 1282 significatione
3130 1167 3405 1248 inter-

368 1317 794 1412 pretantur
851 1335 1146 1392 omnes
1201 1305 1556 1396 Hebraei
1625 1313 1776 1414 (ut
1833 1333 1884 1392 a
1943 1307 2305 1424 Synopsi
2345 1306 2841 1392 criticorum
2878 1311 3155 1393 videre
3214 1309 3398 1410 est)

373 1457 514 1573 qui
573 1447 1070 1564 Prophetam
1131 1455 1230 1538 de
1291 1457 1687 1570 exigenda
1745 1481 1887 1564 per
1949 1448 2261 1536 Gentes
2292 1479 2347 1532 a
2402 1448 2739 1534 Judaeis
2792 1446 3211 1534 exsulibus
3246 1477 3405 1562 pe·-

367 1603 617 1686 cunia
689 1600 1080 1682 disserere
1135 1598 1642 1708 ineptissime
1697 1611 1993 1709 putant
2018 1628 2046 1677 ·.
2107 1595 2385 1678 Locus
2450 1613 2573 1680 est
2614 1599 2707 1678 in
2760 1623 2923 1710 quo
2992 1597 3405 1705 interpre-

366 1745 620 1828 tando
665 1717 1140 1854 'plurimum
1198 1743 1611 1826 variatur.
1679 1741 1836 1826 Sed
1869 1805 1896 1854 ‚
1969 1743 2062 1824 ni
2131 1741 2425 1850 failor,
2488 1741 2685 1822 inde
2756 1753 2947 1821 orta·
3004 1753 3125 1821 est
3180 1713 3415 1820 diffiass

375 1885 632 1970 cultas
661 1945 685 1994 ,
747 1885 970 1998 quod
1029 1885 1288 1968 futuri
1331 1883 2028 2000 significationem
2071 1913 2248 1969 non
2291 1883 2849 1970 adhibuerunt
2880 1879 2913 1965 .'
2950 1875 3127 1964 Hac
3172 1881 3406 1964 enim

367 2023 730 2111 adhibita
761 2089 785 2137 ‚
848 2031 1268 2137 perspicua
1306 2045 1524 2112 ..mut
1576 2046 1877 2124 cuncta
1913 2093 1936 2140 ‚
2001 2034 2441 2144 omnisque
2510 2017 2845 2145 diffugit
2910 2021 3407 2109 difficultas}

364 2164 498 2250 De
551 2169 940 2252 varietate
995 2168 1394 2286 vulgatae
1453 2171 1732 2254 videre
1787 2169 2086 2284 poteris
2151 2174 2404 2256 ctiam
2464 2169 3003 2254 Montaldum
3066 2162 3186 2271 (2)
3222 2211 3245 2244 ι

611 2308 1048 2426 Tanquam
1121 2341 1392 2428 agnus
1475 2313 1592 2398 ad
1657 2316 2257 2401 mactationem·
2308 2313 2711 2422 ducetur,
2782 2323 2861 2394 et
2927 2312 3143 2396 sicut
3212 2304 3407 2390 ovis

355 2482 648 2544 coram
711 2453 1224 2538 tondentibus
1283 2455 1515 2536 illam
1571 2455 2076 2541 obmutescet
2109 2517 2132 2564 ,
2191 2481 2337 2540 nec
2406 2455 2721 2564 aperiet
2764 2477 2860 2541 os
2918 2477 3169 2533 suum
3209 2509 3228 2528 .

603 2595 768 2684 Sed
835 2623 1244 2711 quaenam
1303 2599 1459 2680 erit
1513 2597 1714 2680 haec
1771 2600 2315 2714 iniquitatum
2378 2594 2761 2681 omnium
2816 2621 3079 2708 poena
3110 2655 3137 2702 ‚
3200 2613 3408 2703 quae

361 2735 470 2822 ab
531 2765 628 2822 eo
683 2739 1052 2852 exigetur
1091 2800 1116 2847 ,
1179 2751 1266 2820 et
1305 2765 1556 2852 quam
1613 2737 1754 2822 ffle
1811 2765 1920 2820 ne
1961 2735 2307 2822 verbulo
2368 2740 2703 2853 quidem
2742 2739 2839 2820 in
2893 2737 3408 2822 contrarium

365 2879 684 2996 prolato
720 2943 746 2990 ,
829 2881 1562 2996 promtissimoque
1631 2883 1912 2968 animo
1943 2946 1968 2994 ,
2044 2879 2299 2964 nobis·
2346 2872 2752 2964 Hebraeis
2810 2879 3215 2964 ministris
3284 2893 3409 2959 est

365 3019 798 3108 subiturus
820 3019 866 3106 ἐ’
929 3018 1432 3110 Gravissima
1473 3023 1788 3105 scilicet
1813 3015 2210 3106 'omnium
2242 3083 2269 3131 ,
2322 3019 2673 3105 mortis!
2740 3021 2847 3106 Et
2884 3040 3173 3106 tamen
3214 3040 3407 3110 tan-

373 3195 632 3304 quam
688 3193 960 3283 agnus
1017 3168 1360 3250 ducetur
1429 3167 1534 3251 ad
1599 3183 1956 3250 mortem
1989 3231 2014 3276 ‚
2075 3167 2567 3282 silentioque
2620 3168 2968 3278 per-ieret
3006 3168 3345 3275 injurias
3378 3230 3405 3275 ,

371 3310 970 3420 contumelias,
1037 3307 1392 3396 ludibria
1421 3371 1448 3420 ‚
1521 3307 1858 3394 verbera
1892 3375 1916 3423 ⁷
1973 3313 2459 3420 punctiones
2489 3373 2517 3420 ‚
2571 3305 3159 3394 terebrationes
3218 3333 3407 3387 ma·-

371 3479 646 3540 nuum
697 3456 1166 3567 pedumque
1197 3517 1234 3563 2
1283 3477 1460 3534 non
1501 3477 1736 3538 secus
1793 3479 1888 3535 ac
1939 3451 2124 3533 silet
2165 3479 2375 3565 quae
2420 3451 2816 3534 tondetur
2848 3453 3027 3533 ovis
3049 3515 3073 3562 ⁷
3139 3448 3405 3531 omni-
3474 3451 3481 3458 ’

371 3631 646 3716 noque
703 3629 882 3685 non
939 3599 1248 3712 aperiet
1303 3625 1394 3682 os
1449 3623 1702 3682 suum
1726 3658 1744 3678 .

611 3741 864 3827 Hunc
921 3744 1246 3826 exitum
1274 3803 1299 3851 ,
1365 3755 1776 3854 quantum
1811 3734 2115 3820 attinet
2163 3729 2271 3816 ad
2323 3729 2731 3818 Messiam
2768 3795 2792 3841 ‚
2851 3727 3232 3814 habitura
3278 3743 3401 3814 est

279 3901 287 3909 ‘
369 3903 652 3972 nostra
684 3883 764 3968 H
782 3881 1266 3968 ebraeorum
1291 3884 1491 3965 inde
1517 3875 1622 3964 ab
1651 3878 1868 3962 iuius
1897 3873 2086 3961 ertu
2113 3888 2393 3984 coepta
2435 3873 3003 3984 incredulita33
3040 3889 3121 3957 et
3150 3897 3401 3988 quem

369 4043 660 4142 utpote
716 4027 996 4112 Deum
1071 4027 1428 4136 recipere
1491 4021 2112 4125 amantissime,
2173 4017 2852 4130 sanctissimeque
2904 4016 3183 4100 colere
3252 4017 3407 4101 de-

369 4169 889 4282 buissemus,
953 4197 1149 4256 eum
1209 4197 1388 4252 non
1441 4161 1916 4252 curabimus
1943 4225 1969 4273 ,
2033 4173 2722 4265 contemnemus,
2802 4153 3325 4239 irridebimus
3370 4217 3398 4266 ,

371 4314 954 4434 insequemur,
1003 4305 1556 4401 necabimus!
1597 4307 2051 4418 Quantum
2105 4317 2387 4384 autem
2427 4291 2532 4382 ad
2588 4319 2739 4379 nos
2790 4299 3015 4410 ipsos
3053 4297 3397 4406 attinet,

375 4463 825 4569 quemnam
877 4457 1194 4541 exitum
1251 4446 1634 4534 habitura
1673 4462 1843 4531 est
1817 4442 1864 4508 Ῥ
1921 4445 2451 4561 quandonam
2500 4453 2877 4551 susc-epta
2930 4437 3183 4550 ipsius
3239 4429 3401 4523 fide

375 4601 613 4686 illum
673 4601 1078 4714 recepturi
1131 4619 1422 4684 sumus
1441 4584 1514 4673 ἲ
1544 4588 1642 4676 Id
1661 4587 2124 4703 Propheta
2143 4585 2394 4695 hujus
2426 4583 2827 4667 vaticinii
2866 4582 3110 4666 tertia
3166 4593 3403 4692 parte

375 4744 770 4864 praedicit
788 4803 810 4827 .

467 5205 560 5300 (ι)
611 5199 922 5278 montald.
963 5199 1124 5333 Lex:
1159 5217 1304 5288 pag·
1353 5201 1504 5276 vota
2026 5191 2121 5276 (ι)
2170 5178 2479 5255 montald.
2518 5182 2667 5250 Lex.
2710 5153 2891 5259 ,εἰμ’
