4500 6184
1204 440 1379 545 ΞΛ
1811 464 1854 509 ··
1997 462 2104 521 m·
2165 438 2445 525 Cauca
2504 438 3087 527 Vssmmmizt.
3112 436 3268 524 V.:
3393 442 3431 477 ⁸

1079 582 1561 697 publicum,
1611 581 1776 664 nisi
1819 593 2186 666 extrema
2227 598 2557 699 cogeret
2596 588 3110 697 necessitas,
3162 610 3342 664 non
3382 577 3849 667 audebant.
3898 580 4125 672 Haec

1085 758 1133 809 a
1189 722 1744 809 Sulammitha
1807 720 2125 806 Romae
2186 741 2369 807 acta
2424 740 2675 809 sunt.

1101 870 1254 955 -5
1335 864 1834 966 Invenerunt
1883 892 2034 946 me
2123 860 2207 943 V
2199 864 2435 977 zgzles
2490 867 3088 951 circumeuntes
3162 863 3457 949 Urbem
3493 928 3519 978 ‚
3606 864 3851 953 Num
3884 930 3914 980 ,
3984 869 4126 952 in-

1438 1036 1692 1122 quam
1723 1071 1746 1118 ‚
1809 1036 1995 1090 eum
2056 1008 2299 1121 quem
2358 1008 2625 1124 diligit
2684 1010 2969 1093 anima
3026 1036 3208 1093 mea
3272 1006 3605 1091 vidistis
3637 1004 3729 1119 ,7,

1331 1148 1646 1267 Vigiles
1682 1215 1707 1262 ‚
1785 1152 2088 1237 milites
2163 1154 2477 1235 scilicet
2548 1148 3035 1237 Antichristi
3108 1180 3217 1233 ex
3280 1152 3381 1231 iis
3428 1152 3587 1262 .qui
3662 1167 3919 1234 noctu
3990 1178 4133 1259 pet

1089 1292 1392 1383 urbem·
1445 1302 1738 1379 armati
1797 1313 2041 1409 atque
2099 1300 2537 1383 turmatim
2594 1292 3148 1401 incedebant3
3213 1322 3419 1406 quae
3478 1288 3581 1372 ab
3644 1290 3869 1373 Italis
3913 1287 4135 1373 Pat-

1081 1443 1340 1556 iztglie
1425 1441 1969 1522 nominantur
2003 1498 2021 1517 .
2113 1436 2237 1519 Ad
2338 1466 2471 1520 eos
2561 1435 3113 1521 Sulammitha
3156 1495 3182 1542 ‚
3274 1430 3615 1514 Ullosne
3660 1494 3687 1541 ‚
3779 1414 4065 1545 inquii
4102 1498 4131 1545 7

1089 1583 1602 1665 Christianos
1691 1575 2074 1663 vidistis?
2149 1575 2467 1661 Mili'tes
2552 1578 3152 1661 existimantes
3204 1574 3940 1687 intecrogationem
4026 1602 4133 1656 ex

1088 1725 1274 1808 odio
1347 1724 1768 1807 christiani
1857 1723 2224 1803 nominis
2312 1720 2615 1801 factam
2702 1720 2983 1832 (quod
3070 1718 3286 1825 apud
3350 1714 3825 1828 flagitiosos
3913 1714 4131 1799 iuius

1089 1868 1480 1976 temporis
1555 1865 1935 1947 homines
1998 1860 2337 1943 solenne
2415 1861 2792 1945 futurum
2852 1868 3029 1963 est)
3128 1858 3773 1941 Sulammitham
3848 1886 3891 1939 e
3936 1857 4135 1937 suis

1067 2005 1596 2091 -arbitrantur
1641 2032 1811 2087 esse
1845 2068 1867 2112 ‚
1933 2014 2178 2117 atque
2239 2001 2463 2089 abire
2525 2010 2854 2089 sinunt.
2902 2004 3051 2087 Est
3112 2018 3419 2087 autem·
3459 2000 4137 2087 animadverten-

1097 2150 1352 2255 dum,
1421 2142 1954 2227 Salomonem
2039 2146 2339 2227 diserta
2396 2146 2537 2227 illa
2582 2144 2884 2251 ve'rha,
2946 2146 3267 2227 ullosne
3328 2140 3662 2223 vidistis
3716 2135 4138 2223 Christia-

1095 2314 1240 2371 nos
1273 2284 1317 2370 ἶ)
1375 2287 1676 2369 referre
1733 2316 1909 2369 non
1967 2292 2323 2397 potuisse
2358 2350 2376 2370 .
2444 2288 2673 2373 Nam
2730 2293 2797 2371 si
2860 2290 3190 2399 palam,
3273 2312 3447 2367 non
3504 2297 3776 2395 tecte,
3842 2285 3933 2364 in
3990 2309 4137 2363 ve-

1097 2446 1269 2511 tere
1329 2426 1872 2513 Testamento
1935 2445 2078 2511 aut
2135 2428 2373 2513 Jesus
2434 2428 2809 2511 Christus
2844 2493 2869 2540 ‚
2946 2444 3089 2511 aut
3144 2423 3566 2510 christiani
3624 2425 4137 2509 nominatim

1097 2570 1752 2681 appellarentur3
1819 2572 2000 2683 quis
2063 2586 2182 2654 est
2241 2571 2386 2683 qui
2446 2574 2619 2650 nori
2676 2570 3005 2679 videat,
3064 2570 3493 2650 universos
3566 2568 3905 2675 judaeos
3964 2568 4139 2674 jam

1099 2713 1294 2794 inde
1355 2708 1456 2798 ab
1499 2711 1702 2795 Jesu
1747 2711 2054 2795 Christi
2115 2724 2379 2803 morte
2436 2710 2759 2793 futuros
2824 2710 3069 2791 fuisse
3132 2711 3621 2799 christianos
3650 2704 3722 2789 ἶ).
3762 2706 4137 2796 Sed.hoc

1097 2882 1367 2969 neque
1427 2873 1628 2942 tunc
1661 2918 1689 2965 ,
1758 2880 2028 2965 neque
2091 2854 2486 2937 haetenus
2568 2854 2745 2935 fieri
2802 2851 3085 2937 debuit
3119 2912 3171 2933 ..
3224 2851 3511 2961 Coepit
3568 2854 3793 2935 enim
3854 2852 3961 2937 ab
4042 2886 4139 2941 eo

1099 2998 1463 3083 maxime
1521 3013 1945 3106 tempore,
2000 3007 2250 3107 ‘atque
2314 3001 2781 3081 etiamnum
2820 3012 3142 3107 perstat
3218 2997 3551 3078 illorum
3610 3002 4065 3082 excaecatio
4108 3068 4137 3113 ‚

1103 3140 1203 3221 de
1256 3165 1438 3248 ‚qua
1505 3138 1908 3253 scriptum
1981 3153 2100 3221 est
2133 3202 2156 3247 ‚
2235 3140 2559 3223 Audite
2614 3140 3041 3224 audientes
3078 3204 3103 3248 ‚
3182 3155 3277 3224 et.
3320 3141 3569 3223 nolite
3624 3142 4067 3257 intelligere
4106 3210 4135 3256 ‚

1103 3294 1184 3365 et
1241 3278 1516 3365 videte
1575 3280 1976 3371 visionem
2011 3346 2034 3393 ‚
2107 3298 2189 3369 et
2247 3286 2495 3369 nolite
2554 3288 3095 3400 cognoscere.
3136 3280 3583 3367 .E.:rcaeca
3644 3310 3786 3367 cor
3844 3288 4143 3394 populi

1103 3424 1419 3534 huju-5,
1495 3441 1575 3508 et
1650 3439 1914 3508 cetera
1979 3431 2152 3530 (1).
2230 3426 3051 3540 Circumloquutione
3128 3428 3378 3537 igitur
3452 3454 3651 3535 opus
3717 3422 4139 3515 Salomoni

1107 3570 1266 3659 fuit
1298 3633 1325 3680 ,
1401 3598 1561 3682 qua
1633 3568 1841 3651 illud
1909 3572 2200 3686 ipsumq„
2251 3574 2553 3653 diceret
2624 3574 2849 3683 quod
2910 3568 3461 3673 Sulammitha
3538 3571 4072 3684 interrogavit
4110 3636 4139 3683 ‚

1111 3716 1284 3823 ipsa'
1357 3714 1941 3825 interrogantis
2017 3703 2267 3795 verba
2332 3743 2509 3795 non
2582 3715 2939 3797 diceret.
3030 3714 3457 3823 Quaenam
3532 3726 3811 3796 autem
3883 3716 4143 3823 aptior

968 3913 979 3926 ·
1113 3880 1285 3937 esse
1346 3852 2032 3967 circumloquutio
2105 3872 2457 3964 poterat.
2498 3886 2613 3940 ea·
2664 3888 2870 3971 quae
2932 3856 3211 3941 Deum
3270 3875 3687 3941 auctorem
3760 3854 4141 3943 habitura

1117 3990 1358 4080 erat?
1423 3989 1580 4077 Ubi
1633 3994 1842 4077 enim
1903 4008 2096 4077 sunt
2151 3993 2315 4079 duo
2350 4062 2375 4109 ,
2434 3998 2575 4081 vel
2632 4010 2796 4081 tres
2859 4000 3334 4113 congregati
3388 4000 3466 4082 in
3526 4001 3857 4082 nomine
3902 4028 4139 4115 mec,

1115 4133 1234 4217 ibi
1289 4160 1474 4217 sum
1538 4135 1617 4217 in
1677 4134 1942 4219 medio
2003 4164 2281 4222 eorum
2353 4144 2526 4245 (2).
2592 4138 3147 4251 Quamobrem
3206 4145 3343 4254 qui
3404 4158 3613 4227 tecte
3675 4149 3938 4229 dicere
3998 4150 4141 4231 de-

1117 4276 1360 4387 beat5‘
1421 4280 1782 4395 aliquem
1841 4280 2041 4362 duos
2075 4344 2102 4390 ‚
2160 4268 2303 4362 aut
2360 4294 2569 4389 tres,
2632 4282 3001 4391 pluresve
3064 4288 3553 4398 quaesivisse
3614 4288 4141 4402 christianos,

1120 4422 1190 4502 is
1251 4420 1666 4529 aptissime
1726 4420 2022 4501 dixerit
2053 4482 2076 4527 ‚
2141 4417 2246 4501 ab
2306 4448 2403 4500 eo
2466 4424 2931 4533 quaesitum
3006 4425 3247 4509 illum
3304 4428 3555 4511 fuisse
3615 4432 3754 4542 qui
3810 4433 3904 4512 in
3960 4460 4145 4514 me-

1125 4561 1257 4643 dio
1317 4587 1606 4642 eorum
1659 4562 1818 4667 sit3
1907 4588 2008 4643 ex
2067 4586 2228 4672 quo
2267 4560 2637 4675 ,intelligi
2694 4560 3037 4678 debeat,
3115 4568 3521 4681 quaesitos
3590 4570 3843 4659 fixisse
3921 4573 4147 4659 chri-

1127 4701 1434 4785 stianos
1469 4762 1490 4785 .
1549 4699 1644 4785 Id
1699 4703 1952 4819 igitur
2011 4702 2407 4791 Salomon
2462 4706 2653 4791 fecit
2684 4766 2703 4789 .

1219 5032 1310 5113 (ι)
1363 5028 1504 5095 lsai.
1554 5028 1660 5097 Ἡ.
1705 5048 1768 5105 9.
1819 5048 1931 5096 ιο(
2772 5036 2871 5121 (ι)
2920 5033 3137 5101 Matth.
3188 5036 3419 5111 xvm,
3466 5054 3569 5105 ιο.
3674 5044 3681 5051 ’
