4500 6184
1147 422 1515 510 CANTm.
1553 421 1807 510 Scan.
1842 423 1909 510 Ι.
1945 421 2143 508 cn».
2178 422 2245 508 Ι.
2293 423 2664 509 Dacus.
3143 431 3334 543 195

398 575 653 658 etiarn
710 571 929 682 apud
966 567 1351 652 Latinos.
1407 565 1621 651 Eam
1678 565 2368 679 praepositionem
2415 563 2969 680 Septuaginta.
3013 583 3459 681 expresse-r·

403 727 597 796 runt
654 715 808 806 otu-3
852 717 1277 830 *stampas-m
1350 711 1459 796 ab
1518 710 1832 796 osculis
1866 772 1893 818 ‚
1953 703 2362 824 Vulgatus
2425 708 2759 819 omisit3
2825 713 2969 822 qui
3025 725 3445 824 praeterea

404 856 715 970 plurale
772 883 1085 938 nomen
1156 855 1559 968 singulari
1612 855 1973 938 reddidit
2002 913 2023 934 .

644 997 751 1082 Os
814 997 995 1100 ejus
1072 1001 1229 1094 ³³⁹?
1268 1065 1291 1108 ‚
1314 1003 1527 1112 piuh
1567 1065 1593 1112 ‚
1636 998 2157 1082 nominativo
2216 999 2790 1111 accipiendum
2843 1015 2976 1084 est
3003 1061 3025 1082 .
3089 997 3446 1088 Hebraei

412 1173 639 1230 casus
712 1173 890 1228 non
962 1147 1413 1229 inflectunt
1466 1159 1565 1228 ut
1625 1139 1917 1226 Graeci
1948 1206 1973 1252 ‚
2038 1157 2120 1226 et
2176 1141 2462 1226 Latini
2510 1203 2529 1224 .
2571 1140 2798 1224 ·Inde
2859 1146 3122 1228 oritur
3181 1146 3444 1228 inter-

401 1289 781 1406 prestandi
874 1289 1223 1372 varietas
1270 1347 1297 1396 ,
1373 1285 2165 1399 'sententiarumque
2248 1285 2699 1368 multitudo
2741 1348 2772 1396 ,
2879 1313 3080 1399 quas
3164 1316 3444 1378 sermo

400 1427 835 1515 Hebraeus
920 1424 1255 1512 exhibet
1282 1487 1307 1535 ‚
1386 1453 1563 1508 non
1636 1427 1851 1508 item
1910 1425 2049 1509 alii
2108 1454 2532 1510 sermones
2559 1488 2586 1509 ,

516 1571 738 1658 Sane
792 1569 1101 1680 optim?
1139 1581 1339 1652 sunt
1374 1591 1717 1650 amores
1776 1567 1901 1649 ini
1948 1581 2150 1676 post
2218 1565 2524 1651 Vinum
2556 1629 2582 1651 .

643 1715 1087 1798 Occasione
1116 1691 1559 1822 'petitionis
1620 1735 1873 1822 quam
1934 1707 2491 1794 Sulammitha
2549 1709 3112 1822 superioribus
3167 1709 3444 1800 verbis

396 1855 505 1938 ad
536 1853 878 1940 Patrem
936 1859 1315 1942 emiserat
1343 1920 1370 1966 ‚
1418 1851 1671 1962 Filiae
1722 1851 2350 1970 Hierosolymae
2395 1856 2888 1965 profitentur
2915 1921 2940 1966 ‚
2987 1856 3202 1940 nihil
3237 1857 3444 1942 dul-

399 2001 577 2082 cius
607 2063 634 2109 ‚
695 2000 909 2084 nihil
960 2001 1341 2109 suavius,
1400 1995 1614 2078 nihil
1667 1994 1969 2078 melius
2036 2023 2208 2078 esse
2271 2020 2526 2110 quam
2587 2013 2770 2108 post
2829 2002 3446 2110 perceptionem

394 2143 873 2241 divinorum
914 2146 1513 2261 mysteriorum
1555 2143 1655 2222 in'
1690 2139 1999 2223 deliciis
2043 2144 2350 2223 versari
2409 2137 2514 2224 ab
2573 2169 2854 2224 amore
2897 2137 3444 2226 manantibus
3495 2155 3501 2162 '

396 2284 753 2370 Domini
806 2289 1069 2370 nostri
1110 2283 1311 2372 Jesu
1339 2348 1364 2396 ,
1418 2310 1683 2399 quem
1740 2281 2334 2394 alloquuntur3
2399 2284 2694 2394 quippe
2756 2283 2899 2396 qui
2959 2299 3164 2366 tunc
3217 2287 3445 2372 intra

397 2454 555 2510 nos
596 2455 785 2510 vere
844 2429 1327 2543 realiterque
1388 2443 1509 2512 est
1564 2455 1715 2510 sua
1770 2421 2229 2512 substantia
2250 2489 2286 2540 7
2331 2429 2858 2540 quoadusque
2917 2455 3194 2512 sacrae
3253 2457 3446 2538 spe-

246 2559 253 2566 ’
398 2565 564 2648 cies
621 2588 1145 2678 perseverant
1206 2572 1673 2654 incolumes
1708 2631 1727 2651 .

630 2707 857 2796 Sane
916 2715 1137 2822 apud
1200 2709 1619 2795 Hebraeos
1680 2725 1803 2794 est
1860 2711 2262 2822 particula
2337 2719 2408 2811 ’ξ
2438 2776 2463 2823 ‚
2521 2713 2661 2798 chi
2694 2775 2721 2822 ‚
2767 2741 2974 2826 quae
3011 2715 3182 2796 fere
3221 2741 3448 2797 sem-

397 2875 545 2958 per
618 2880 665 2934 a
752 2849 1287 2969 Septuaginta
1346 2850 1867 2968 vulgatoque
1942 2856 2290 2938 vertitur
2358 2857 2560 2972 quia
2607 2921 2632 2965 ‚
2719 2855 2914 2938 licet
2994 2857 3444 2969 permultas

395 2989 600 3076 alias
662 2989 957 3077 habeat
1012 2995 1651 3109 significationes
1710 2994 1803 3074 in
1862 2991 2159 3106 quibus
2220 3014 2342 3082 est
2409 2998 2904 3114 significatio
2963 3027 3444 3100 asseveran-

396 3133 542 3242 di,
610 3161 813 3220 sanc
844 3199 869 3248 ‚
944 3149 1159 3224 certe
1189 3199 1215 3250 ,
1286 3136 1671 3247 omnine,
1736 3133 2111 3250 profecto
2190 3145 2312 3248 (1)
2363 3173 2388 3252 ;
2451 3169 2665 3253 quae
2718 3142 2964 3252 hujus
3021 3142 3188 3226 loci
3249 3171 3446 3255 pro-

404 3278 589 3385 pria
648 3295 773 3362 est
800 3339 821 3360 .

640 3424 1005 3510 Amores
1038 3427 1176 3510 tui
1231 3427 1553 3538 proprie
1602 3437 1707 3510 ut
1768 3437 1891 3512 es't
1946 3431 2041 3513 in
2092 3423 2480 3516 hebraico
2537 3415 2708 3547 *2³¹
2745 3497 2766 3540 ‚
2815 3425 3190 3520 deddc-ha
3221 3493 3246 3543 ‚
3306 3461 3450 3542 pro

396 3595 573 3682 quo
634 3584 947 3652 veteres
1005 3574 1595 3682 pronunciasse
1654 3586 1975 3682 oportet
2048 3581 2213 3690 any!
2248 3642 2274 3688 ‚
2305 3575 3166 3690 daddcha,mammae
3210 3590 3450 3683 tua63
3493 3639 3522 3666 0

414 3725 501 3793 et
554 3707 753 3795 =hinc
812 3731 1011 3797 sunt
1070 3715 1611 3832 Septuaginta
1672 3714 1905 3831 ρας-υἱ
1968 3756 2146 3830 σευ,
2208 3721 2548 3837 Vulgati
2609 3724 2858 3808 ubera
2901 3735 3070 3809 tua
3105 3783 3128 3804 .

642 3851 861 3940 Post
914 3855 1221 3944 Vinum
1280 3858 1657 3944 hebraice
1712 3861 1857 3964 322³?
1889 3923 1913 3971 ‚
1974 3866 2310 3978 ητὶίὰίη,
2353 3897 2408 3952 α
2471 3869 2666 3952 vino
2691 3927 2724 3981 -,
2751 3873 3046 3952 eadem
3107 3895 3452 3981 praepo-2·

394 4001 709 4088 sitione
768 4002 868 4084 de
931 4030 1093 4116 qua
1150 4007 1465 4090 dictum
1526 4022 1647 4088 est
1700 4033 1999 4120 supra,
2078 4041 2290 4124 quae
2351 4039 2610 4126 quum
2674 4029 2876 4124 post
2953 4043 3272 4129 quoque
3333 4019 3450 4100 si·-

394 4144 745 4262 gnificet
792 4146 909 4250 (2)
941 4207 969 4254 ‚
1030 4149 1125 4228 in
1182 4142 1937 4260 comparationibus
1998 4163 2121 4233 est
2163 4177 2376 4262 prae
2402 4207 2427 4235 ι
2477 4154 3206 4266 Comparationem
3273 4188 3445 4242 esse

376 4286 564 4370 hoc
626 4284 807 4367 loco
868 4304 1371 4372 censuerunt
1432 4284 1967 4412 Septuaginta
1998 4353 2025 4400 ‚
2088 4295 2231 4405 qui
2286 4295 2976 4405 praepositionem
3023 4327 3446 4409 expresse-

402 4446 661 4542 runt,
726 4427 905 4554 ὀπὴ
970 4435 1189 4539 dm,
1260 4456 1513 4540 super
1566 4433 1859 4514 vinum
1894 4495 1919 4542 ,
1992 4463 2143 4518 seu
2190 4465 2404 4546 prae
2457 4438 2654 4520 vino
2689 4501 2713 4547 ,
2780 4454 2861 4521 et
2935 4467 3071 4523 eos
3131 4441 3452 4556 Vulga-

404 4587 545 4660 tns
601 4597 997 4693 sequutus
1056 4591 1181 4662 est
1210 4637 1229 4660 .
1288 4573 1411 4662 Ea
1464 4576 2085 4690 praepositionis
2142 4583 2752 4697 significatione
2780 4639 2810 4698 ,
2893 4611 3146 4704 quam
3204 4586 3446 4672 adhi-

2355 4725 2413 4808 b
2474 4726 2526 4806 b
3413 4739 3422 4748 ‘

498 5036 593 5126 (ι)
640 5037 950 5107 Montald.
994 5061 1139 5130 pag.
1192 5055 1375 5127 5430'
1560 5053 1569 5066 ·
1678 5071 1685 5079 ·
2066 5041 2159 5126 (ι)
2206 5032 2384 5110 idem
2431 5059 2575 5130 pag·
2627 5043 2778 5119 617.
2925 5027 2951 5072 ἰ
