4500 6184
3139 443 3191 454 ι...

1473 441 2351 544 ΡιΑιιτΑϊιόῗ
2850 443 2866 474 '
3100 479 3305 542 m

390 613 600 717 quae
655 599 816 686 illis
871 603 1220 684 utuntur
1263 655 1290 708 ,
1349 595 1452 680 de
1507 592 1948 681 verborum
2005 621 2350 708 suorum
2422 592 3039 709 significatione
3114 599 3425 682 constit-

393 759 670 830 tutum
728 757 851 826 est
880 801 900 822 .
964 737 1098 822 Sic
1157 765 1418 850 quum
1475 732 1724 820 verba
1783 737 1953 819 sint
2003 733 2309 818 Lehem
2342 799 2369 842 ‚
2432 749 2517 817 et
2574 735 2902 844 Arios;
2968 737 3175 822 illud
3234 737 3423 854 qui-

389 887 584 974 dem
639 877 1034 967 hebraeae
1092 879 1473 994 linguae,
1518 879 1675 962 hoc
1717 907 2100 994 graecae3
2160 880 2228 959 is
2290 881 2431 990 qui
2476 877 2789 960 discere
2854 879 3035 962 illas
3097 881 3424 994 linguas

394 1025 614 1112 volet
645 1087 668 1132 ,
743 1019 1149 1134 oportebit
1221 1039 1320 1106 ut
1391 1024 1645 1106 discat
1720 1023 1916 1136 quid
1977 1022 2075 1102 de
2143 1019 2635 1132 significatio
2658 1049 2767 1102 ne
2814 1013 3057 1102 verbi
3114 1018 3421 1116 Lehem

389 1161 492 1248 ab
555 1159 950 1248 Hebraeis
981 1225 1006 1272 ,
1071 1179 1154 1246 et
1210 1164 1473 1248 Artos
1533 1193 1583 1246 a
1641 1157 1964 1244 Graecis
2025 1160 2593 1244 constitutum.
2623 1161 2761 1244 fue
2786 1161 2893 1242 rit
2926 1220 2948 1242 .
2992 1157 3101 1242 Et
3160 1189 3423 1275 quum

388 1304 608 1386 norit
637 1366 662 1411 ‚
709 1305 1270 1416 memoriaque
1329 1306 1756 1388 retinuerit
1786 1369 1810 1416 ,
1857 1303 2399 1387 constitutum
2454 1301 2557 1386 ab
2616 1304 2719 1385 iis
2773 1301 3029 1386 fuisse
3060 1367 3085 1416 ‚
3146 1320 3243 1386 ut
3300 1308 3419 1389 ita

391 1444 804 1530 diceretur
861 1447 928 1524 is
989 1445 1129 1555 qui
1189 1474 1234 1526 a
1273 1442 1514 1529 nobis
1575 1446 1832 1528 dictus
1899 1459 2022 1526 est
2059 1439 2371 1552 Panis,
2424 1445 2669 1556 idque
2724 1444 2849 1526 fec
2881 1445 3035 1532 erit
3092 1446 3184 1526 in
3218 1445 3423 1528 aliis

397 1610 719 1698 quoque
777 1588 1226 1696 utriusque-
1263 1583 1679 1668 Sermonis
1739 1581 2072 1668 vocibus
2105 1647 2132 1694 ,
2209 1601 2413 1668 tunc
2487 1611 2634 1667 eas‘
2694 1581 3021 1697 linguas
3092 1586 3425 1670 dieetur

388 1728 760 1812 didicisse
791 1784 815 1807 .
875 1723 1356 1833 Quodsane
1415 1753 1652 1810 nosse
1707 1751 1884 1810 non
1939 1728 2264 1834 poterit·
2296 1727 2459 1806 nisi
2520 1705 2973 1806 traditione
3034 1739 3118 1806 et
3176 1726 3425 1808 disci-⁴

389 1865 616 1980 plina
649 1925 668 1947 .
751 1863 978 1952 Haec
1050 1865 1300 1980 igitur
1371 1867 1698 1949 traditio
1755 1880 1954 1950 tunc
2041 1879 2217 1948 orta
2292 1879 2373 1950 et
2444 1879 2826 1948 oretenus
2896 1881 3339 1980 perra-gata
3385 1947 3421 1992 ἲ

394 2033 656 2118 quum
697 2009 1059 2118 primum
1131 2007 1374 2120 vulgo
1421 2003 1794 2091 hebraice
1853 2005 2074 2116 loqui
2135 2019 2517 2116 coeptum
2562 2021 2683 2088 est
2710 2065 2737 2113 ,
2817 2005 2923 2086 ad
2962 2034 3115 2089 nos
3156 2033 3425 2119 usque

382 2149 760 2260 pervenit
787 2211 813 2256 ‚
887 2165 972 2231 et
1027 2151 1324 2258 scripto
1385 2152 1634 2233 etiam
1711 2179 1758 2230 a
1833 2125 2320 2230 doctissimis
2392 2148 2584 2232 viris
2660 2162 2997 2256 excepta.
3048 2161 3183 2228 est
3228 2209 3254 2255 ‚
3340 2161 3425 2228 et

391 2286 744 2400 denique
821 2317 1152 2372 summo
1225 2291 1494 2372 studio
1567 2303 1650 2370 et
1705 2288 2126 2400 diligentia
2184 2284 2517 2374 collecta
2552 2295 2603 2398 ,'
2656 2301 2755 2370 et·
2798 2288 2891 2368 in
2950 2314 3087 2370 eos
3153 2283 3415 2370 libros·

381 2430 746 2536 conjecta
805 2457 1010 2542 quae
1069 2428 1376 2514 Lexica
1433 2430 1974 2514 nominantur
2007 2482 2027 2509 .
2093 2423 2489 2532 Quorum·
2522 2427 2621 2510 de
2682 2428 3169 2514 auctoritate
3230 2456 3409 2511 non

379 2573 642 2684 magis
705 2569 1075 2655 dubitare
1130 2570 1368 2655 liceat
1397 2630 1424 2679 ,
1487 2593 1738 2683 quam
1797 2567 2112 2652 homini
2177 2564 2383 2650 Italo
2413 2627 2439 2674 ‚
2518 2581 2664 2684 aut
2724 2563 3025 2674 (failor,
3108 2565 3419 2678 Hispa·-

384 2743 600 2800 nove
631 2777 658 2824 ,
731 2729 874 2798 aut
947 2713 1306 2820 cujusvis
1375 2709 1712 2791 alterius
1785 2707 2050 2821 gentis
2113 2708 2236 2788 de2
2271 2705 2597 2790 Lexicis
2671 2708 3151 2820 linguarum
3211 2737 3409 2796 sua-

383 2881 625 2961 rum,
695 2855 814 2935 'de
889 2849 1183 2966 quibus
1259 2877 1510 2932 nemo
1585 2845 1902 2934 dubitat
1931 2910 1950 2929 .
1989 2861 2006 2879 ⁸
2041 2847 2273 2932 Nam
2356 2865 2454 2932 ut
2539 2850 2691 2932 hae
2758 2845 3061 2932 Gentes
3153 2864 3411 2931 testes

381 3009 635 3100 sunt,
667 2975 781 3096 'id
835 2989 938 3075 ab
997 2993 1188 3102 ipsis
1235 2993 1332 3082 de
1389 2985 1840 3074 verborum
1897 2997 2240 3072 suorum
2296 2986 3047 3103 significationibus
3107 2991 3421 3092 consti-e

349 3117 664 3216 ‘tutum
721 3134 912 3216 inde
969 3130 1074 3217 ab
1125 3134 1384 3215 initio
1429 3133 1680 3223 fuisse
1739 3135 1961 3246 quod
2015 3147 2137 3219 est
2194 3135 2289 3217 in
2348 3132 2507 3216 illis
2575 3129 2803 3216 libris
2850 3135 3353 3246 deqcriptum
3378 3160 3415 3238 ς

384 3249 502 3356 sic
559 3275 786 3358 testis
849 3289 972 3356 est
1014 3270 1390 3358 Hebraea
1449 3303 1648 3389 gens
1707 3303 1850 3384 per
1903 3277 2236 3359 univers
2256 3291 2403 3356 um
2446 3274 2745 3358 diffusa
2806 3283 3219 3360 terrarum.
3280 3305 3421 3358 ors-

382 3407 574 3496 bem
607 3477 631 3522 ‚
693 3415 776 3496 id
833 3417 1106 3524 ipsum
1162 3416 1379 3526 quod
1427 3412 1848 3498 'hebraicis¹
1888 3413 2218 3499 Lexicis
2280 3418 2797 3523 continetur,
2846 3444 2894 3498 a
2952 3415 3407 3522 'majoribus

386 3553 554 3634 suis
599 3551 848 3636 fuisse
905 3539 1450 3638 constitutum
1482 3615 1508 3661 ‚
1579 3581 1916 3664 seseque
1986 3567 2373 3663 perpetua
2413 3555 2855 3638 traditione
2896 3552 2999 3638 ab
3058 3587 3155 3640 eo
3197 3577 3421 3642 tem·-

385 3717 582 3802 pore
645 3723 807 3808 quo
865 3695 1151 3811 lingua
1208 3697 1453 3810 vulgo
1509 3693 1850 3778 florebat
1883 3759 1908 3802 ,
1969 3709 2349 3777 oretenus
2415 3696 2817 3805 accepisse
2853 3739 2895 3776 .-

393 3857 400 3864 ·
502 3858 564 3912 2
651 3831 922 3942 Hujus
980 3839 1438 3920 traditionis
1499 3841 2058 3922 tenacissimos
2100 3866 2270 3922 esse
2316 3853 2635 3948 oportet
2662 3841 3212 3950 interpretes,
3251 3845 3401 3955 qui

384 3976 792 4058 nimirum
852 3992 1184 4058 tantum
1242 3975 1666 4064 habebunt
1721 3983 1912 4064 fidei
1972 3996 2379 4091 quantum
2448 3980 2683 4065 illam
2752 4002 3343 4096 persequentur
3382 4047 3409 4067 .

389 4115 580 4224 Qua·
627 4119 962 4228 quidem
1023 4122 1114 4201 in
1173 4147 1257 4203 re
1317 4122 1826 4236 diligentiam
1887 4137 2254 4204 nostram
2314 4147 2565 4204 nemo
2597 4184 2623 4229 ‚
2701 4138 2797 4206 ut
2854 4127 3201 4234 opinor,
3278 4127 3428 4208 de-

383 4255 788 4348 siderabit
822 4318 843 4345 .
905 4257 1244 4343 Nostris
1303 4263 1532 4342 enim
1586 4257 2271 4345 declarationibus
2330 4257 2805 4372 ubicunque
2881 4264 3191 4375 aliquid
3272 4265 3431 4351 ali-

381 4411 514 4483 ter
575 4427 826 4511 quam
891 4406 1141 4486 ceteri
1205 4407 1714 4516 interpretati
1773 4432 2060 4513 sumus
2094 4465 2118 4512 ‚
2195 4419 2277 4486 et
2334 4429 2464 4490 res
2519 4397 2979 4512 postulabat
3004 4445 3036 4510 3
3074 4415 3211 4490 aut
3290 4380 3429 4494 in-

381 4544 1002 4652 terpretationis
1089 4543 1306 4626 ratio
1394 4531 1864 4627 redderetur
1953 4550 1993 4654 (¹
2024 4544 2116 4627 in
2201 4571 2363 4655 qua
2440 4544 2761 4632 ratione
2838 4541 3433 4627 reddenda-vis

387 4683 663 4780 omnis
736 4684 1000 4792 posita
1058 4697 1198 4788 est
1272 4669 1748 4782 versionum
1769 4684 2275 4782 ‚criticarum
2304 4745 2343 4792 7·
2412 4685 2701 4796 quales·
2752 4697 2965 4780 ‚sunt
2990 4705 3001 4742 ³
3026 4679 3437 4782 nost-rae)

385 4849 720 4932 semper
779 4820 1152 4910 Lexicon
1212 4821 1558 4906 citatum
1619 4839 1740 4906 est
1771 4880 1818 4904 .-
1869 4821 1975 4907 Et
2035 4825 2228 4932 quia
2284 4823 2639 4913 infiniti·
2686 4823 3296 4930 fuisset-,operis
3350 4832 3440 4905 et

401 4949 710 5048 laboris
765 4963 1050 5050 omnia
1109 4966 1357 5050 citare
1416 4966 1717 5052 Lexica
1749 5029 1776 5084 ,
1837 4949 2424 5076 compendium
2472 4955 2793 5058 'factum
2827 4981 2975 5092 ⁸eet
3005 5026 3035 5076 2
3088 4954 3436 5086 adhib&

2047 5103 2343 5148 toto

2077 5179 2085 5187 “
2251 5184 2261 5190 “
3235 5179 3271 5222 ἢ·
