4500 6184
1165 472 1342 563 ²9⁰
1500 422 1506 429 ’
1925 468 2032 525 nn
2091 438 2377 528 Canen
2431 440 2991 529 VATmmmM
3044 430 3195 531 VI.

1047 593 1224 704 ipsa
1282 616 1558 673 rerum
1615 583 1732 671 ibi
1776 586 2266 699 scriptarum
2322 601 2619 669 natura
2662 584 3313 699 consequebatur
3340 648 3367 698 ,
3422 604 3519 673 ut
3570 591 3773 677 haec
3816 598 4069 683 etiam

1056 762 1264 848 quae
1319 745 1519 815 sunt
1578 733 1674 812 in
1731 728 2064 813 Psalmo
2120 731 2683 814 revelarentur
2712 792 2735 813 .
3750 752 3755 755 ·

1171 873 1228 961 5
1314 873 1514 959 Pars
1582 874 1820 957 tertia
1881 890 2001 959 est
2084 871 2515 959 Canticum
2595 868 3109 959 Dileciarum
3144 936 3168 983 ‚
3242 901 3405 987 quo
3480 891 4087 960 commorantes

1052 1019 1148 1099 in
1222 1016 1570 1101 Deserto
1641 1013 2050 1099 Ecclesiae
2122 1016 2403 1102 laudes
2476 1017 2929 1097 concinunt
3002 1014 3161 1096 Dei
3235 1015 3746 1131 Dominique
3814 1022 4083 1103 nostri

1052 1158 1258 1257 Jesu
1329 1156 1634 1241 Christi
1667 1220 1691 1267 ,
1769 1157 1903 1240 cui
1973 1185 2217 1267 super
2275 1156 2359 1240 T
2370 1184 2623 1239 runco
2694 1157 3081 1237 morienti
3139 1155 3367 1239 Deus
3428 1158 3521 1239 in
3578 1174 4085 1274 perpetuum

1043 1300 1478 1387 benedixit
1541 1304 1724 1407 (1).
1783 1298 2345 1410 Quamobrem
2405 1326 2570 1414 quo
2624 1316 2993 1408 tempore
3046 1294 3599 1382 Antichristus
3658 1304 4085 1416 ceterique

1051 1444 1326 1529 hostes
1383 1440 1746 1527 Messiae
1807 1445 2170 1526 maxime
2232 1444 2434 1526 dant
2504 1466 2837 1551 operam
2870 1500 2895 1548 ,
2952 1455 3092 1550 ut,
3142 1470 3420 1555 eversa
3478 1457 3559 1523 et
3618 1445 3886 1528 excisa
3944 1475 4082 1531 ra-

991 1651 1002 1663 .
1055 1590 1356 1671 dicitus
1431 1586 1658 1669 illius
1728 1584 2122 1699 religione
2169 1646 2194 1693 ,
2274 1582 2489 1666 hanc
2558 1578 3225 1665 benedictionem
3298 1584 3617 1666 irritam
3702 1586 4003 1671 faciant
4044 1656 4075 1701 7

1053 1727 1300 1815 illum
1357 1731 1600 1813 enixe
1658 1746 1954 1843 rogant
1984 1792 2010 1839 ,
2069 1744 2164 1812 ut
2231 1745 2403 1812 tota
2474 1754 2623 1810 sua
2679 1724 3110 1832 majestate
3177 1724 3869 1834 praeclarissimus
3936 1757 4085 1811 ve·-

1055 1876 1290 1981 niat²
1354 1896 1692 1983 seseque
1751 1872 1842 1951 in
1899 1872 2140 1953 corda
2213 1869 2595 1952 omnium
2660 1867 3150 1979 populorum
3180 1928 3207 1975 ,
3284 1884 3529 1983 atque
3600 1869 3799 1951 adeo
3858 1871 4091 1981 ipso-

1055 2045 1254 2103 rum
1319 2016 1688 2099 hostium
1769 2038 2112 2095 suorum
2173 2012 2569 2093 immittat
2654 2014 2844 2116 (2).
2932 2008 3239 2094 Causas
3318 2013 3657 2126 rogandi
3735 2028 4089 2095 sumunt

1050 2157 1422 2271 primum
1475 2150 1580 2239 ah
1641 2155 1814 2266 ipsa
1876 2155 2110 2269 regni
2167 2150 2529 2237 Messiae
2586 2170 2931 2265 natura,
2994 2158 3212 2269 quod
3254 2184 3428 2237 non
3488 2154 3739 2237 modo
3792 2176 4097 2263 perpe-

1051 2315 1300 2383 tuum
1357 2326 1454 2381 ac
1507 2299 2114 2407 sempiternum
2173 2311 2351 2405 est²
2410 2321 2705 2379 verum
2757 2297 3011 2379 ctiam
3075 2298 3672 2405 rectissimum,
3734 2298 4091 2403 justissi-

1054 2466 1296 2525 mum
1329 2499 1354 2547 ,
1430 2470 1478 2522 a
1555 2440 1836 2551 quavis
1896 2432 2419 2546 improbitate
2474 2435 2721 2544 plane
2795 2452 3266 2546 remotum3
3332 2466 3542 2551 quae
3599 2454 3800 2520 san'e
3861 2438 4093 2551 regni

1053 2582 1418 2667 virtutes
1471 2594 1671 2661 sunt
1727 2580 2094 2660 maxime
2147 2574 2543 2661 omnibus
2599 2578 3097 2686 expetendae
3160 2578 3275 2683 (3)
3328 2606 3352 2661 t
3418 2580 3718 2662 deinde
3772 2574 3877 2659 ah
3921 2580 4089 2687 ipsa

1053 2718 1634 2805 benedictione
1672 2782 1695 2827 ‚
1765 2746 2020 2833 quam
2073 2720 2190 2802 illi
2246 2749 2492 2831 super
2551 2720 2901 2805 Trunco
2960 2722 3347 2805 morienti
3414 2718 3662 2804 Pater
3714 2719 4098 2831 imperti-

1053 2880 1186 2948 tus
1247 2879 1369 2948 est
1403 2922 1426 2943 .
1493 2858 1728 2945 Nam
1785 2857 2034 2942 Pater
2085 2874 2295 2944 tunc
2361 2861 2727 2945 maxime
2782 2860 3175 2943 dilectum
3238 2860 3540 2945 Filium
3610 2890 3863 2946 suum
3921 2860 4101 2942 lae-

1055 3009 1236 3093 titia
1297 3004 1762 3090 cumularit
1793 3062 1826 3109 ,
1867 3029 2128 3116 quum
2172 3000 2703 3085 atrocissimis
2758 3000 3115 3084 laniatus
3156 3000 3567 3085 doloribus
3610 3005 3705 3085 in
3744 3004 4095 3089 Trunco

1055 3146 1626 3255 moriebatur3
1665 3154 2074 3229 ‘concesso
2133 3160 2463 3256 propter
2528 3142 3099 3229 acerbissimae
3180 3146 3578 3257 passionis
3643 3148 4093 3258 mortisque

1055 3290 1357 3373 merita
1416 3314 1872 3401 permagno
1929 3286 2379 3369 electorum
2436 3287 2879 3369 hominum
2929 3314 3327 3397 numeru,
3374 3316 3518 3398 pro
3576 3284 3871 3401 quibus
3912 3303 4095 3370 tam-

1059 3432 1410 3545 dignum
1473 3430 2012 3511 redemtionis
2066 3430 2425 3538 pretium
2483 3433 2605 3512 sic
2660 3434 2965 3542 accepit
2996 3496 3019 3541 ,
3079 3449 3175 3515 ut
3236 3432 3354 3515 illi
3410 3435 3566 3544 ipsi
3624 3427 3867 3516 electi
3932 3432 4100 3514 ho-

1054 3571 1334 3656 mines
1384 3572 1588 3653 socii
1631 3566 1994 3653 Messiae
2049 3571 2198 3654 filii
2260 3576 2447 3683 sui,
2507 3572 2875 3688 salvique
2934 3577 3029 3657 in
3084 3592 3581 3688 perpetuum
3644 3574 3903 3658 futuri
3962 3598 4100 3654 es-
4148 3684 4155 3690 .

1055 3731 1242 3795 sent
1334 3713 1452 3817 (A)
1501 3742 1526 3818 3
1617 3738 1814 3823 quo·
1865 3710 2080 3793 nihil
2138 3710 2347 3796 Filio
2428 3716 2577 3798 hac
2637 3718 2809 3827 ipsa
2866 3718 2967 3799 de
3021 3744 3265 3799 causa
3320 3720 3849 3827 potissimum
3904 3748 4099 3801 mo·

1055 3857 1304 3938 rienti
1389 3857 1832 3962 jucundius
1874 3914 1902 3961 ,
1971 3854 2180 3938 nihil
2264 3860 2620 3967 optatius
2679 3874 2849 3941 erat
2896 3920 2917 3941 .
2992 3860 3177 3969 Quo
3256 3859 3437 3943 loco
3492 3860 3860 3945 Dilectae
3914 3863 4090 3972 ipsa

1053 3988 1322 4077 Patris
1378 3998 1729 4077 recitant
1773 3993 2028 4079 verba
2067 4060 2092 4106 ,
2145 3996 2443 4110 quibus
2482 4005 2979 4087 morientem
3036 4006 3125 4085 in
3171 4003 3437 4088 Cruce
3481 4002 3785 4088 Filium
3816 4067 3843 4114 ²
3892 4004 4095 4086 dum

1055 4134 1178 4217 illi·
1235 4134 1766 4221 benediceret
1799 4200 1822 4245 ,
1893 4153 2014 4221 est
2075 4140 2597 4254 alloquutus.
2677 4140 2842 4227 Ubi
2902 4146 3006 4227 de
3064 4141 3470 4231 Gentibus
3544 4176 3753 4262 quae
3828 4132 4095 4231 credi-

1062 4295 1296 4364 turae
1339 4284 1668 4391 essent,
1715 4312 1814 4365 ac
1857 4284 1960 4365 de
2019 4288 2557 4369 conversione
2607 4286 2885 4395 populi
2930 4284 3339 4398 Hebraei,
3390 4291 3853 4405 futurisque
3895 4314 4093 4373 cum

1056 4416 1424 4507 Ecclesia
1479 4424 1840 4510 hebraea
1900 4426 2008 4510 M
2018 4431 2273 4511 essiae
2328 4431 2634 4539 nuptiis
2666 4492 2690 4539 ‚
2754 4444 2841 4512 et
2894 4432 3199 4548 insigni
3262 4433 3626 4539 ejusdem
3684 4430 4095 4517 Ecclesiae

1057 4567 1564 4676 sanctitate,
1668 4596 1880 4681 quae
1967 4572 2230 4657 socias
2314 4573 2701 4658 omnium
2780 4578 3163 4691 gentium
3224 4574 3627 4664 Ecclesiae
3706 4572 4095 4661 habitura

1151 4892 1238 4971 (¹)
1291 4892 1470 4957 νέω·
1521 4914 1586 4976 3·
2718 4902 2813 4983 (3)
2858 4902 3031 4967 vm.
3078 4922 3139 4978 τι
3214 4890 3221 4897 ’

1141 5004 1246 5085 (2)
1299 5004 1475 5071 Vets.
1520 5026 1582 5079 4·
1635 5020 1695 5082 5.
1749 5010 1825 5069 6.
2722 5014 2813 5095 (4)
2865 5010 3047 5103 Zeta,
3084 5018 3150 5078 8.
