4500 6184
1149 459 1272 564 46
1913 451 3185 546 Panna-romanu

1036 603 1215 688 loco
1274 599 1866 714 quartidecimi·
1899 603 2184 712 capitis
2217 667 2242 714 ,
2285 605 2399 687 in
2454 593 2619 720 quo
2678 619 2805 688 est
2858 603 3117 688 altera
3170 595 3311 685 issa
3362 602 3759 708 &uncum
3810 595 4085 711 signi-2·

1025 741 1291 829 »ficans
1351 769 1514 824 vox
1577 734 1816 824 Gaza
1847 803 1891 850 ,
1946 755 2214 827 cetera
2272 764 2512 830 voces
2540 775 2547 782 ·
2572 741 2886 830 habent
2938 738 3325 827 hebraeas
3384 768 3597 856 quae
3648 745 3989 825 cervam
4012 797 4071 856 -,

1037 910 1247 1000 quae
1277 893 1764 966 contortum
1795 943 1822 991 ,
1885 907 2094 996 quae
2127 879 2439 994 solium
2472 945 2499 996 ,
2562 911 2771 1000 quae
2822 909 3161 968 -rmnum
3195 946 3220 993 ,
3294 909 3504 997 quae
3576 881 4015 1000 columnas.
4036 943 4071 992 ,

1037 1051 1264 1138 quae-
1301 1047 1640 1109 arenam
1675 1067 1698 1131 5
1763 1049 1994 1135 quae.
2019 1024 2399 1133 palmum
2456 1025 2777 1136 proprie
2830 1023 3297 1138 significant
3324 1085 3355 1132 ,
3404 1037 3511 1106 ut
3548 1018 4073 1106 Abrahamus

1035 1163 1526 1248 Trommius
1587 1167 2008 1250 adnotavit
2041 1229 2060 1250 .
2124 1167 2593 1282 Similisque
2650 1182 2773 1250 est
2828 1167 3035 1248 ratio
3079 1162 3428 1278 Aquilae
3460 1225 3485 1272 ,
3532 1158 4075 1278 Symmachi,

1041 1303 1648 1422 Theodotiouis
1665 1370 1690 1416 ,
1726 1307 2238 1424 aliorumque
2278 1327 2662 1394 veterum
2698 1307 3255 1420 Interpretum
3296 1329 3771 1425 graecorum
3788 1365 3815 1410 ,
3862 1327 4081 1416 quo-

1039 1474 1248 1570 rum·
1286 1476 1524 1534 voces
1565 1469 1728 1568 pro·
1775 1445 2176 1534 hebraicis
2238 1451 2587 1534 redditas
2614 1489 2619 1496 ·
2646 1450 2873 1531 idem
2924 1447 3415 1530 Trommius
3470 1448 3643 1530 suis
3702 1443 4095 1530 Concor--

1041 1587 1346 1674 dantiis
1403 1590 1879 1700 complexus
1939 1608 2061 1676 est
2092 1656 2118 1702 ,
2180 1593 2553 1677 collectas
2598 1621 2643 1675 e
2683 1593 3203 1708 fragmentis,
3261 1618 3473 1705 quae
3528 1600 3973 1702 supersunt
4026 1612 4079 1670 a

1033 1723 1454 1813 Bet-nardo
1523 1727 2164 1816 Montfauconio
2239 1739 2526 1820 editis.
2598 1735 2707 1818 Et
2786 1764 3261 1851 quanquam
3330 1731 3695 1820 dubitari
3752 1734 4009 1846 possit
4042 1781 4091 1840 ,

931 1922 936 1926 -
1034 1893 1254 1952 num
1309 1867 1651 1966 Trunci
1734 1877 2423 1990 significationem
2496 1875 3023 1963 adhibuerint
3091 1881 3185 1961 in
3266 1878 3603 1992 reliquis
3670 1871 4093 1958 librorum

1031 1981 1406 2130 partibus
1477 2045 1690 2134 quae
1743 2022 2218 2132 pemerunt,
2294 2039 2579 2107 tamen
2648 2051 2859 2137 quae
2930 2049 3131 2104 mox
3198 2021 3495 2104 dicturi
3570 2019 3671 2100 de
3744 2013 4097 2102 Latinis}

1037 2187 1386 2270 sumus,
1447 2189 1632 2245 eam
1673 2157 2294 2248 dubitationem
2352 2169 2467 2249 ita
2522 2169 2959 2276 rejiciunt,
3004 2181 3103 2248 ut
3156 2193 3303 2276 pro
3362 2177 3585 2246 certo
3603 2221 3631 2272 ,
3696 2158 4096 2270 explora-.-

1038 2315 1294 2416 toque
1350 2298 1832 2386 habendum
1887 2302 1999 2384 sit
2024 2363 2050 2409 ,
2115 2301 2609 2414 Interpretes
2684 2333 3009 2420 graecos
3070 2331 3510 2420 nunquam
3580 2301 3683 2385 de
3754 2298 4083 2414 signifi-

1041 2444 1372 2526 catione
1439 2439 1762 2528 Trunci
1813 2447 1994 2528 voci
2063 2439 2285 2530 Chen
2342 2444 2781 2532 tribuenda
2834 2450 3269 2561 cogitasse.
4172 2461 4179 2468 '

1162 2579 1446 2669 XVII.
1535 2581 1670 2692 De
1712 2580 2036 2668 Latinis
2097 2589 2523 2672 videamus
2562 2649 2581 2670 .
2631 2586 2735 2671 In
2775 2585 3163 2670 Editione
3205 2584 3601 2702 Vulgata,
3646 2608 3856 2696 quae
3898 2605 4097 2670 τηε-τ

1041 2747 1206 2836 gna
1264 2751 1368 2806 ex
1425 2740 1674 2836 parte
1750 2743 1986 2814 vetus
2057 2730 2201 2815 illa
2267 2748 2393 2815 est
2450 2730 2655 2814 Itala
2708 2733 2921 2813 dicta
2953 2792 2979 2838 ,
3052 2743 3395 2813 truncus
3470 2741 3597 2808 ter
3652 2725 4087 2828 dumtaxat

1043 2867 1398 2968 occurrit
1417 2923 1452 2948 -.
1509 2863 1840 2951 Primus
1895 2869 2124 2954 locus
2185 2888 2305 2954 est
2380 2872 2991 2986 quartodecimo
3062 2867 3111 2950 J
3116 2865 3253 2950 obi
3328 2867 3592 2978 capite
3620 2925 3643 2948 .
3716 2860 4085 2980 Lignum

1043 2997 1332 3102 habet.
1373 3032 1674 3115 spem:
1737 3007 1846 3092 51·
1885 3012 2367 3117 praecisum
2417 3009 2687 3124 fixerit
2714 3074 2741 3120 ,
2824 3035 3156 3093 rursum
3238 3009 3579 3096 virescit
3608 3072 3637 3119 ,
3720 3021 3802 3092 et
3866 3001 4089 3092 rami

1045 3147 1230 3264 ejus
1273 3148 1756 3258 pullulant..
1813 3148 1910 3232 Si
1961 3152 2319 3232 senuerit
2384 3151 2465 3233 in
2524 3163 2741 3234 terro
2810 3147 3067 3234 radix
3134 3144 3317 3254 ejus
3348 3213 3375 3260 ,
3444 3163 3524 3234 et
3580 3150 3665 3238 in
3726 3149 4083 3259 pulvere

1043 3313 1226 3370 emo
1241 3299 1478 3371 riuus
1526 3285 1791 3418 fiterit
1857 3303 2200 3375 truncus
2270 3293 2493 3376 illius
2526 3355 2552 3402 ,
2622 3291 2738 3377 ad
2800 3292 3129 3378 odorem
3200 3321 3473 3408 aquae
3530 3289 4028 3408 germinabit
4056 3339 4091 3397 ,-

1047 3439 1130 3510 et
1172 3423 1450 3540 fitciet
1523 3454 1850 3513 comam
1940 3433 2190 3544 quasi
2270 3459 2525 3546 quum
2588 3433 2951 3542 primum
3013 3435 3489 3544 plantatum
3560 3447 3689 3520 est
3719 3496 3744 3517 .
3814 3429 4115 3518 Homo'

1049 3598 1248 3656 vero
1319 3599 1576 3686 quum
1635 3585 2012 3658 mortuus
2061 3571 2385 3686 fiterit,
2446 3589 2527 3660 et
2587 3575 3009 3686 nudatus,
3070 3587 3343 3691 atque
3374 3587 3905 3684 consumtus,
3946 3567 4093 3656 ubi

1051 3737 1376 3825 quaeso·
1421 3711 1622 3800 est?
1708 3719 1824 3821 (1)
1907 3716 2549 3833 Numquidnam
2606 3721 2743 3802 hic
2800 3733 2923 3802 est
2976 3720 3077 3801 de
3136 3745 3439 3828 cruce.
3412 3711 3458 3778 '⁶'
3525 3715 3813 3828 Itaque
3868 3711 4091 3826 apud

1065 3845 1486 3936 Hebraeos
1559 3881 1670 3936 ne
1733 3852 1952 3938 Chen
2029 3862 2365 3973 quidem
2430 3877 2609 3970 est,
2682 3863 2827 3944 sed
2894 3887 3210 3944 nomen
3266 3859 3469 3945 illud
3528 3853 3825 3964 Gaza,
3886 3851 4087 3960 cui,

1059 4021 1238 4078 non
1317 3998 1650 4078 nomini
1719 3991 1946 4082 Chen
1978 3999 2549 4116 ,significatio
2628 4000 2903 4090 trunci
2980 3997 3087 4088 ab
3157 4000 3613 4115 Interprete
3678 3999 3836 4088 hoc
3906 3993 4091 4080 loco

1055 4133 1370 4224 tributa
1430 4155 1604 4224 est.
3162 4201 3174 4212 -

1289 4277 1536 4367 Alter
1578 4281 1805 4368 locus
1859 4297 1986 4368 est
2043 4281 2301 4368 Isaiae
2358 4285 2619 4396 capite
2674 4285 3343 4402 quadragesimo.
3408 4279 3571 4394 Qui
3606 4277 3759 4368 dat
3810 4299 4095 4364 secre-

1051 4436 1321 4510 torum
1393 4435 1899 4518 scrutatores
1967 4425 2216 4537 quasi
2282 4449 2441 4508 non
2508 4425 2679 4507 sint
2716 4485 2768 4536 ,.
2814 4423 3146 4530 judices
3214 4441 3479 4512 terrae
3547 4424 3782 4508 velut
3846 4421 4123 4516 inane-

1031 4561 1316 4677 ficit:
1383 4578 1471 4648 et
1535 4565 1859 4680 quidem
1930 4595 2190 4680 neque
2234 4569 2731 4677 plantatus,
2800 4595 3060 4682 neque
3126 4583 3429 4678 satus,
3512 4593 3775 4678 neque
3854 4555 4095 4646 radi-

1059 4717 1304 4795 catus
1365 4707 1448 4789 in
1511 4721 1729 4794 terra
1783 4726 2129 4795 truncus
2189 4739 2537 4796 eorum.
2599 4725 2919 4828 repente
2945 4708 3225 4834 flavit
3281 4713 3361 4793 in
3432 4737 3634 4819 eos,
3702 4721 3782 4792 et
3836 4733 4093 4790 arue-

1053 4863 1302 4960 runt,
1370 4862 1458 4935 et
1512 4851 1747 4935 turbo
1819 4855 2068 4967 quasi
2131 4830 2555 4968 stipulam
2600 4855 2945 4968 auferet
2985 4879 3130 4938 eos
3204 4857 3391 4962 (2).
3468 4853 3734 4966 Quam
3807 4849 4020 4937 alius
4062 4909 4093 4980 ,

1154 5129 1258 5218 (ι)
1297 5129 1442 5204 Iob.
1489 5127 1663 5198 XIV·
1709 5149 1772 5208 r.
1815 5151 2000 5220 seqq.
2716 5136 2813 5222 (a)
2858 5130 2941 5202 12.
2986 5134 3113 5202 XL.
3162 5155 3265 5221 ις.
3299 5157 3395 5216 ⁸4·
