4500 6184
1261 444 2565 547 Ῥιοιιαοιπ-ΒᾙΑ.
3191 451 3330 566 33

385 621 482 692 ut
531 603 1120 718 perspiciamus
1175 627 1338 716 quo
1377 605 1635 690 modo
1675 603 2062 722 loquatur
2117 603 2400 688 Eccles
2418 607 2501 688 ia
2536 606 2640 693 de
2681 602 2841 690 illis
2898 604 3087 716 ipsis
3142 598 3383 688 rebus
3400 667 3435 718 0

223 833 234 844 ,
383 751 485 834 de
543 743 848 860 quibus
909 747 1162 829 etiarn
1217 740 1688 856 Prophetae
1749 747 2078 862 loquuti
2134 747 2349 856 sint,
2408 761 2507 830 ut
2560 748 2814 856 ipsius
2872 743 3278 830 Ecclesiae
3318 745 3435 828 lo·-

387 889 698 1006 quendi
743 887 1454 1002 ⁴consuetudinem
1512 892 1764 973 etiam
1824 887 2439 999 interpretando
2494 902 2926 972 teneamus
2947 948 2968 968 .
3013 884 3104 972 N
3106 917 3217 970 ec·
3240 915 3435 974 vero

391 1027 954 1118 dubitandum
1008 1045 1132 1112 est
1156 1039 1226 1140 ’,ἴ
1251 1031 1456 1144 quin
1475 1102 1488 1110 ,
1509 1032 1688 1144 ipsa
1757 1061 2088 1146 quoque·
2137 1023 2509 1118 Ecclesia
2562 1045 3161 1116 sacrosanctam
3210 1025 3437 1134 Gru-2

389 1201 572 1260 cem
625 1173 998 1258 arborem
1057 1173 1490 1257 nominet.
1539 1171 1758 1258 Sunt
1809 1179 2039 1258 enim
2081 1176 2507 1289 pervagati
2562 1198 2844 1256 versus
2864 1199 2983 1294 *ex
3044 1168 3369 1285 hymno
3390 1228 3435 1278 ‚

389 1317 532 1428 qui
585 1342 852 1429 quum
905 1320 1334 1402 tremenda
1403 1317 1692 1402 Crucis
1751 1322 2150 1434 mysteria
2209 1319 2303 1398 in
2360 1314 2785 1402 Catholica
2826 1308 3187 1396 Ecclesia
3238 1335 3431 1392 man

394 1457 614 1540 xime
671 1455 1194 1542 celebrantur
1217 1517 1256 1570 ,
1307 1462 1400 1542 in
1457 1485 1596 1543 ore
1655 1462 2042 1542 omnium
2099 1474 2222 1543 est
2266 1484 2289 1540 t

855 1677 1128 1764 Arbor
1207 1681 1498 1766 decora
1527 1745 1555 1792 ‚
1645 1697 1726 1765 et
1809 1680 2122 1797 fulgida
2150 1741 2179 1788 ,

761 1803 768 1811 ’
1090 1822 1405 1906 Ornata
1477 1821 1727 1938 Regis
1807 1848 2168 1933 purpura
2197 1882 2226 1930 ,

1102 1961 1384 2048 Electa
1466 1965 1715 2080 digno
1795 1967 2072 2076 stipite

1094 2102 1320 2188 Tam
1401 2124 1689 2194 sancta
1768 2103 2146 2192 membra
2225 2120 2623 2222 tangere«.

385 2297 510 2386 At.
557 2303 654 2384 in
709 2303 836 2386 his
893 2302 1086 2412 ipsis
1129 2302 1500 2390 versibus
1558 2307 1762 2393 illud
1806 2323 1931 2393 est
1981 2335 2173 2419 prae
2221 2307 2510 2390 ceteris
2568 2299 3179 2388 observandum
3238 2292 3435 2386 dili-J

381 2448 630 2556 gente
651 2470 693 2523 r
732 2505 759 2551 ,
824 2441 1172 2526 Crucem
1229 2441 1334 2530 ab
1391 2445 1756 2534 Ecclesia
1826 2447 2093 2533 latiori
2141 2449 2515 2560 quodam
2571 2447 2883 2555 modo,
2954 2460 3053 2529 ut
3122 2446 3430 2554 passim

387 2565 638 2668 etiam
659 2618 666 2629 ·
691 2583 806 2666 fit·
845 2612 894 2666 a
927 2586 1204 2694 poetis
1234 2648 1261 2695 ‚
1321 2586 1696 2672 arhorem
1727 2589 1900 2672 dici
1943 2617 1966 2670 ε
2001 2615 2322 2672 ταῦτα
2382 2589 2527 2702 qui
2568 2614 2714 2698 per
2751 2585 3207 2670 Ecclesiam
3248 2597 3425 2668 tam

384 2729 680 2810 sancta
735 2721 1000 2841 Regis
1057 2729 1426 2813 membra
1479 2725 1801 2846 tetzzgit‘,
1891 2733 2062 2844 ipse
2115 2730 2439 2815 arboris
2510 2729 2771 2838 stipes
2829 2740 2958 2810 est
3000 2754 3025 2809 ε
3098 2721 3241 2810 ille
3300 2735 3429 2806 est

392 2891 556 2978 quo
609 2864 782 2948 solo
824 2867 973 2950 arb
987 2893 1084 2950 or
1123 2869 1228 2951 ad
1285 2897 1380 2953 ea
1435 2871 1844 2986 tangenda
1881 2871 2144 2956 electa
2187 2886 2312 2954 est
2339 2929 2363 2951 .
2428 2867 2811 2981 stipitem
2852 2883 3133 2952 autem
3166 2929 3191 2974 ,
3236 2893 3427 2948 cau-

391 3001 658 3086 dicem
687 3069 712 3115 ,
795 3023 1188 3094 truncum
1218 3073 1246 3120 ‚
1331 3011 1877 3128 quisquamne
1957 3007 2144 3120 tam'
2215 3015 2465 3124 stipes
2500 3075 2525 3122 ,
2617 3026 2765 3096 aut
2846 3009 3163 3093 caudex
3190 3067 3215 3114 ,
3276 3015 3427 3084 aut

387 3171 734 3238 truncus
776 3166 898 3234 est
922 3212 947 3259 ,
1005 3167 1103 3234 ut
1137 3153 1316 3238 'esse
1357 3171 1845 3271 synonyma
1885 3156 2198 3236 nesciat
2221 3148 2267 3237 ἲ
2322 3151 2435 3236 Et
2490 3175 2763 3266 quum·
2810 3151 3171 3238 Davides
3218 3149 3425 3236 Cru-

389 3323 571 3380 cem
600 3353 629 3405 ,
681 3306 830 3378 aut
859 3352 884 3402 ,
943 3293 1013 3374 si
1065 3295 1328 3378 mavis
1359 3355 1386 3403 ,
1448 3289 1824 3378 arborem
1859 3295 2109 3380 =illam
2165 3292 2731 3378 amantissime
2774 3293 3197 3409 alloquens
3242 3301 3421 3406 (1),

389 3437 490 3519 de
549 3429 778 3548 Rege
860 3434 1034 3541 ipso
1089 3427 1139 3514 J
1144 3449 1288 3516 esu
1341 3435 1622 3518 anima
1697 3451 1854 3522 ‘sua
1935 3435 2243 3518 diceret
2272 3495 2297 3547 ,
2356 3433 2795 3521 Adhaeret
2849 3437 3175 3523 An'ima
3220 3459 3420 3529 mea

385 3572 540 3660 tibi
563 3639 592 3686 ,
652 3572 964 3658 scilicet
1021 3571 1356 3657 confixa.
1393 3589 1520 3656 est
1545 3635 1572 3682 ,
1633 3576 1934 3658 nonne
1953 3575 2064 3658 ’de
2103 3567 2400 3684 Stipite
2442 3571 2615 3686 ipso
2674 3571 3169 3691 loquebatur
3196 3642 3223 3690 ‚
3270 3583 3419 3694 qui

385 3734 672 3806 sancta
754 3713 898 3798 illa
953 3709 1331 3796 membra
1411 3710 1796 3830 tangebat
1818 3711 1865 3798 ἲ
1923 3712 2186 3827 Stipes
2267 3713 2518 3832 ergo,
2592 3733 2737 3802 aut
2818 3724 3130 3805 caudex
3159 3787 3184 3832 ‚
3272 3741 3421 3810 aut

385 3873 733 3944 truncus
767 3920 793 3966 ,
879 3857 1491 3968 interpretando
1547 3855 2032 3944 tribuendus
2088 3857 2389 3944 Davidi
2448 3873 2622 3945 erat
2650 3923 2678 3970 ‚
2722 3885 2898 3946 ‘seu
2954 3866 3222 3974 potius
3280 3877 3421 3946 r'e-
3560 3941 3565 3948 .

389 3999 894 4116 linquendus
926 4052 950 4080 .
1012 3993 1195 4081 Hac
1247 3998 1522 4111 itaque
1573 4001 1890 4087 ratione
1938 3998 2345 4083 Davidem
2404 4001 2549 4086 ita'.
2576 3997 2955 4086 hebraice
3012 4004 3113 4086 de
3172 4025 3418 4088 cruce

386 4145 868 4258 loquentem
895 4201 922 4248 ‚
1007 4151 1106 4222 ut
1157 4135 1520 4222 Ecclesia
1575 4137 1850 4222 latine
1891 4140 1994 4222 de
2046 4140 2218 4250 ipsa
2286 4140 2649 4254 loquitur
2693 4206 2717 4252 ‚
2776 4171 2932 4227 nos
2976 4209 3002 4253 ‚
3062 4144 3414 4232 Trunc'o

387 4275 760 4370 adhibito
786 4344 812 4392 ‚
877 4284 1000 4365 sic
1056 4279 1582 4368 exhibuimus
1623 4284 1922 4368 nostris
1952 4345 1977 4391 ,
2035 4297 2133 4366 ut
2175 4285 2259 4366 et
2314 4283 2535 4365 illius
2567 4345 2591 4393 ‚
2638 4299 2723 4367 et
2762 4281 3173 4367 Ecclesiae
3202 4286 3419 4367 'sena-

389 4416 700 4512 tentias
739 4425 964 4535 ipsas
1005 4423 1508 4506 adamussim
1565 4423 2254 4534 expresserimus3
2330 4423 2551 4537 quod
2628 4425 2927 4509 eruditi
2986 4421 3129 4507 illi·
3168 4441 3417 4508 nota-

391 4559 724 4650 tionum
777 4565 962 4649 non'
1009 4581 1185 4650 tam
1241 4567 1772 4651 admiratores
1803 4629 1828 4676 ‚
1885 4593 2140 4680 quam
2177 4568 2397 4650 servi
2426 4629 2453 4675 ‚
2510 4595 2661 4650 sua
2719 4565 2857 4648 illa
2912 4558 3201 4648 arbore
3242 4567 3417 4649 sivfe

393 4703 780 4827 ae‘g‘yptia
800 4773 826 4822 ‚
855 4712 1042 4796 ‘sive
1099 4713 1408 4822 coptica
1465 4710 1815 4792 minime
1873 4709 2257 4793 facerent·
2278 4770 2297 4791 .
2368 4707 2499 4790 Ex
2554 4735 2718 4822 quo
2779 4705 3417 4818 intelligendum

389 4866 571 4963 est,
623 4853 812 4935 'non
868 4845 1231 4964 peritura
1287 4843 1624 4968 quidem
1677 4851 2066 4994 vaticinia
2117 4849 2218 4932 de
2280 4843 2584 4956 Caice,
2647 4846 2842 4929 licet
2896 4846 3157 4928 nostri
3215 4863 3415 4929 eru-

2534 4984 2619 5102 s
2650 5012 2707 5070 2

496 5179 594 5267 (ι)
643 5175 790 5246 vid.
817 5179 1051 5256 praet,
1079 5195 1144 5252 et
1181 5201 1304 5248 suo
1345 5179 1494 5248 loeo
1537 5177 1972 5250 vaticinium·
2089 5193 2098 5202 '
