4500 6184
1171 468 1348 552 xliv
2156 450 3017 551 PuAnrAv'16·.'

1029 603 1322 690 munt?
1385 605 2180 714 Quorsum=crucem
2245 607 2890 719 immittebant,'
2938 591 3443 720 si’proferre*
3476 620 3619 723 p'ei·
3678 581 4115 698 duod'e‘viss'

1057 747 1267 864 ginti
1309 749 1582 830 secula
1631 743 2090 831 nolebant?
2154 747 2396 832 Unde
2442 749 2986 832 illorum'tam
3030 754 3520 836 diuturnum
3578 757 4001 839 silentium
4032 757 4079 842 Ρ

1057 889 1192 974 An
1253 892 1443 1003 quia
1505 890 2120 995 existimarent,
2162 891 2683 999 -proferendi‘
2747 905 3067 1000 tempus
3130 897 3502 976 nondum
3560 897 3987 981 advenisse
4028 896 4077 981 ἶ)

1059 1033 1494 1142 Quodnam
1569 1043 1890 1136 tempus
1977 1031 2229 1130 rideri
2292 1033 2821 1140 opportunius
2896 1045 3206 1140 poterat
3276 1051 3417 1118 aut
3490 1063 3647 1150 quo
3708 1037 4073 1148 primuni
4148 1002 4153 1006 .

1059 1175 1344 1257 Crucis
1403 1169 1664 1253 cultus
1727 1197 2162 1280 quoquO,³
2119 1171 2487 1250 centium
2548 1173 3107 1279 importandus
3171 1190 3395 1282 erat,
3460 1194 3601 1258 aut
3662 1207 3821 1290 quo
3888 1165 4073 1262 leo-'-

1041 1310 1468 1420 ,noclastae
1541 1313 1632 1390 in
1701 1339 2016 1392 sacram
2091 1310 2495 1418 Crucem,
2576 1330 2657 1394 et
2708 1314 3079 1458 reliquas
3155 1319 3551 1430 imagines
3622 1315 4076 1449 debaccha-

1057 1455 1421 1560 bantur,
1487 1463 1630 1533 aut
1667 1457 1838 1563 quo
1897 1449 1964 1531 is
1995 1451 2194 1558 ipse
2237 1451 2466 1531 furor
2507 1449 2781 1560 paucis
2838 1450 3140 1538 abhinc
3182 1449 3471 1540 seculis
3518 1439 3841 1542 animos
3885 1461 4077 1546 No-

1059 1613 1444 1680 vatorum
1509 1589 1924 1676 invasit?
1941 1590 2222 1700 Quid?
2257 1592 2566 1675 Judaei
2626 1596 2693 1698 si
2738 1599 3181 1678 sensissent
3240 1601 3696 1682 immissam
3758 1607 3846 1687 in
3886 1631 4080 1688 suos

1049 1735 1360 1822 Libros
1421 1765 1466 1816 a
1499 1732 2020 1816 Christianis·
2055 1737 2385 1814 crucem
2450 1735 2727 1844 (quod
2768 1761 2941 1816 non
2980 1739 3291 1821 sentire
3346 1758 3515 1822 non
3558 1723 4071 1852 potuissent)

1061 1905 1372 1962 annon,
1410 1876 1810 1956 teterrimi
1867 1872 2220 1954 sceleris.
2258 1875 3018 1989 eosaccusassen't,
3081 1911 3173 1964 ac
3234 1883 3595 1966 falsarios
3652 1899 3735 1967 et
3780 1914 4079 1968 eorru-

1060 2034 1332 2130 ptores
1375 2045 1808 2102 ²sacrorum
1870 2013 2319 2116 Librorum
2376 2045 2547 2098 esse
2606 2020 2755 2126 ipsi
2818 2020 3067 2102 etiam
3118 2020 3621 2106 Judaeor'um
3681 2027 4081 2134 parieteS,

1065 2179 1148 2246 et
1209 2161 1490 2241 omnia
1541 2160 2132 2269 propemodum
2187 2187 2381 2240 saxa
2444 2159 3169 2244 conclamassent?
3212 2162 3471 2276 Igitur
3530 2191 3637 2246 ne
3680 2151 4087 2250 Christia-

1061 2303 1156 2384 ni
1211 2302 1572 2412 quidem·
1607 2302 1774 2382 ullo
1835 2303 2078 2382 modo
2123 2299 2323 2382 Jesu
2368 2300 2668 2382 Christi
2733 2329 3061 2384 crucem
3117 2306 3205 2384 in
3263 2301 3557 2386 Libros
3614 2333 3883 2386 sacros
3934 2307 4084 2388 he·-

1065 2442 1356 2528 braeos
1429 2443 1876 2522 immittere
1947 2455 2445 2549 potuerunt.
2521 2438 2615 2522 Id
2677 2443 2944 2548 ipsum
3000 2469 3159 2522 neo
3216 2439 3635 2555 Paganos,
3714 2475 3869 2530 nec
3925 2446 4087 2530 Ju-

1067 2585 1310 2667 daeos
1393 2583 1655 2664 facere
1729 2581 2085 2690 potuisse
2129 2629 2157 2691 -,
2233 2595 2657 2661 ostensum
2744 2595 2927 2661 est:
3008 2595 3091 2662 et
3157 2595 3441 2662 tamen
3516 2583 3603 2665 in
3681 2585 3839 2666 illis
3908 2561 4141 2674 esse⁴

1063 2722 1363 2806 saltem
1445 2725 1882 2835 quinquies
1954 2738 2034 2802 et
2103 2723 2351 2804 vicies
2412 2749 2779 2830 expresse
2814 2783 2836 2828 ,
2896 2723 3191 2806 diserte
3224 2785 3247 2830 ,
3322 2725 3727 2833 praeclare
3771 2729 4085 2810 *nomi-

1043 2873 1408 2974 -natam',
1471 2882 1760 2966 noster,
1809 2865 1940 2946 hic
2007 2860 2222 2946 liber
2282 2867 2679 2947 ostendit.
2744 2863 3101 2971 Quinam
3164 2864 3413 2978 igitur
3472 2867 3843 2950 homines
3901 2897 4089 2948 eam

1049 3009 1166 3090 .in
1227 3007 1386 3088 illis
1448 3003 1969 3116 posuerunt?
2028 3005 2458 3087 Nimirum
2516 3021 2657 3088 aut
2718 3005 3123 3088 Increduli
3194 3024 3665 3090 nostrorum
3742 3020 4083 3121 tempo-

1049 3175 1262 3232 -rum
1299 3215 1321 3259 ,
1383 3165 1484 3232 ut
1541 3150 1848 3261 aliquid
1910 3148 2225 3230 ridiculi
2290 3177 2575 3229 eorum
2632 3175 2859 3228 more
2920 3150 3339 3255 dicamus,
3402 3165 3545 3230 aut
3602 3151 3753 3258 ipsi
3812 3177 4086 3232 sacro-

1050 3289 1758 3378 :rumLibrorum
1802 3303 2166 3394 auctores
2199 3347 2218 3366 .
2269 3287 2451 3394 Qui=
2490 3314 2747 3397 quum
2803 3289 3159 3369 vixerint
3212 3317 3355 3370 sex
3386 3351 3409 3398 ,
3472 3305 3652 3370 octo
3686 3353 3711 3398 ,
3758 3291 4083 3399 decem,

1055 3435 1549 3556 ,quindecim
1593 3429 1926 3546 seculis,
1959 3444 2083 3509 ,ut
2125 3430 2525 3536 diximus,
2588 3445 2776 3511 ante
2824 3457 3072 3542 quam
3112 3431 3343 3514 Jesus
3390 3461 3627 3515 cruce
3670 3428 4082 3543 peremtus

1071 3595 1254 3686 est,
1317 3603 1580 3686 noque
1642 3575 1846 3654 scire
1913 3569 2080 3652 ullo
2145 3572 2391 3650 modo
2450 3574 2863 3679 potuerint
2898 3633 2920 3678 ,
2978 3601 3173 3654 eum
3231 3577 3343 3654 ita
3402 3575 3895 3654 moriturum
3930 3635 3950 3676 ,
4002 3587 4085 3654 et

1069 3747 1180 3799 ne
1243 3721 1654 3800 oriturum
1717 3716 2052 3826 quidem
2087 3778 2110 3821 ,
2171 3717 2333 3796 nisi
2391 3713 2544 3814 hoc
2602 3714 3083 3824 ipsis·Deus
3142 3715 3666 3818 revelaverit3
3726 3706 4087 3820 profecto

1073 3874 1218 3940 aut
1276 3853 1672 3940 omnibus
1741 3855 2008 3936 modis
2069 3853 2477 3936 Increduli
2522 3855 2925 3962 desipiant
2970 3854 3446 3965 ridiculi—que
3496 3856 3665 3934 sint
3724 3865 4084 3960 oportet,

1063 4013 1217 4084 aut.
1273 3998 1690 4079 fateantur
1755 4021 1927 4076 esse
1973 3989 2269 4074 Libros
2328 4021 2375 4074 a
2434 3991 2613 4074 Deo
2678 3993 3114 4098 revelatos;
3174 3996 3749 4104 verissimeque
3808 4023 3907 4074 ac
3946 4021 4087 4074 sa·-

1077 4139 1592 4247 pient-issime
1656 4139 2023 4219 divinam
2083 4164 2252 4218 esse
2316 4135 2938 4217 Revelationem
2996 4163 3043 4215 a
3104 4133 3586 4216 Christianis
3644 4134 3861 4216 credi
3892 4151 3923 4210 .·

1061 4341 1078 4375 ς
1329 4279 1506 4362 Hoc
1567 4279 1732 4360 fere
1796 4279 2039 4358 modo
2081 4303 2399 4358 novum
2441 4285 3071 4388 argumentum,
3134 4288 3375 4386 atque
3420 4292 3517 4359 ut
3570 4278 3859 4386 opinor
3902 4279 4085 4356 ine-

1079 4420 1528 4529 laetabile,
1591 4422 1693 4504 ad
1753 4421 2413 4501 confirmandum
2473 4433 2750 4538 contra
2797 4414 3265 4500 Incredulos
3324 4417 3688 4500 divinam
3732 4413 4084 4498 Revela·-

1087 4559 1402 4646 tionem
1449 4589 1618 4643 esse
1653 4623 1678 4669 ,
1751 4558 1853 4642 ab
1916 4561 2040 4641 his
2110 4563 2207 4642 de
2270 4591 2505 4644 cruce
2566 4559 2966 4642 vaticiniis
3026 4561 3332 4641 oritur.

1208 4737 1256 4819 7
1347 4703 1506 4787 Pro
1567 4705 1908 4784 veritate
1967 4719 2246 4784 autem
2309 4699 2818 4784 Christianae
2880 4698 3294 4811 religionis
3352 4715 3625 4781 contra
3676 4695 4090 4782 Hebraeos

1075 4839 1722 4956 'Incredulosque
1755 4907 1778 4952 ,
1842 4843 1984 4924 vix
2047 4845 2207 4924 dici
2278 4859 2539 4952 potest
2598 4843 2863 4953 quam‘
2904 4840 3165 4922 multa
3236 4855 3717 4956 argumenta
3780 4841 4093 4920 ducan-

1089 5003 1224 5072 tur
1259 5047 1278 5068 .
1343 4985 1658 5070 Eorum
1715 5011 2188 5074 ea.‚summa
2245 4996 2425 5091 est,
2499 4981 2569 5060 si
2624 4977 2861 5062 Jesus
2925 4977 3295 5062 Christus
3350 4984 3457 5064 sit
3502 4979 3727 5064 Deus
3760 5041 3785 5090 ,
3852 5005 4093 5088 opor·-
