4500 6184
1329 470 1972 557 PsALmos
2069 468 2373 584 XLV„
3062 473 3245 589 295

353 622 580 711 stolis
643 618 1003 730 aldem,
1091 614 1190 723 In
1249 614 1581 701 Mundo
1617 680 1641 725 ‚
1727 616 2053 729 inquit,
2115 638 2611 723 pressuram
2670 611 3141 697 habebitis:
3226 612 3375 700 sed

344 764 785 875 confidite;
849 790 996 877 ego
1057 760 1232 845 vici
1283 758 1676 841 mundum
1763 764 1940 866 (1).
2025 756 2136 840 Et
2205 754 2400 840 alibi
2458 782 2647 841 suos
2709 760 2811 840 ad
2870 759 3381 841 vincendum

342 908 708 992 alliciens
743 968 768 1014 ‚
839 904 996 1015 Qui
1051 905 1404 1015 vicerit,
1483 902 1698 986 dabo
1758 901 1835 983 ei
1904 896 2183 983 sedere
2238 927 2551 986 mecum
2619 900 2697 981 in
2776 895 3063 980 throno
3122 923 3302 978 meo
3351 922 3374 978 ε

339 1050 564 1143 sicut
624 1063 702 1132 et
766 1077 914 1164 ego
974 1049 1205 1158 vici,
1261 1061 1340 1131 et
1407 1047 1588 1131 sedi
1645 1031 1832 1131 cum
1892 1040 2148 1126 Patre
2203 1070 2381 1124 meo
2443 1040 2523 1123 in
2584 1038 2871 1125 throno
2941 1038 3123 1141 ejus
3187 1040 3301 1141 (2)
3356 1101 3377 1120 .

343 1188 774 1273 Praeterea
833 1191 926 1272 in
968 1188 1462 1305 Apocalypsi
1519 1191 1676 1285 hoc
1735 1190 2006 1299 ipsum
2059 1182 2146 1266 V
2138 1183 2477 1271 incentis
2512 1248 2534 1293 ,
2599 1214 2745 1268 seu
2793 1180 3157 1270 Victoris
3204 1212 3364 1267 no-

339 1364 549 1419 men
631 1333 753 1415 illi
835 1328 1295 1414 tribuitur:
1365 1326 1593 1429 Ecce
1649 1354 1908 1443 equus
1995 1328 2297 1436 albus,
2380 1339 2459 1411 et
2516 1326 2661 1440 qui
2727 1324 3077 1410 sedebat
3134 1357 3392 1441 super

335 1477 571 1559 illum
618 1475 978 1558 habebat
1037 1500 1322 1557 arcum
1357 1535 1381 1579 ,
1443 1484 1522 1556 et
1575 1470 1778 1558 ‹Iata
1851 1486 1974 1556 est
2029 1471 2107 1554 ei
2148 1498 2445 1555 corona
2484 1534 2506 1579 ,
2560 1484 2640 1554 et
2698 1468 2971 1554 exivit
3021 1465 3111 1547 V
3104 1470 3378 1556 incens

343 1629 438 1699 ut
495 1617 860 1701 vinceret
925 1616 1039 1721 (3)
1077 1674 1098 1696 .
1161 1612 1266 1697 Et
1325 1616 1420 1695 in
1477 1618 1767 1704 eodem
1826 1612 2038 1698 libro
2097 1612 2242 1698 ubi
2290 1618 2388 1699 de
2431 1615 2731 1727 praelio
2786 1612 3131 1695 Domini
3173 1610 3375 1695 Jesu

337 1760 438 1839 in
503 1755 1113 1839 Antichristum
1173 1771 1255 1839 et
1307 1754 1570 1838 socios
1631 1755 1804 1863 ejus
1864 1784 2092 1870 reges
2149 1771 2271 1839 est
2326 1784 2652 1865 serm0‚
2714 1758 3121 1867 scriptum
3187 1774 3310 1841 est
3359 1786 3381 1841 .·

347 1894 469 1979 Hi
527 1900 869 2011 (reges)
936 1927 1186 1980 unum
1249 1898 1681 1983 consilium
1744 1898 2098 2007 habent,
2157 1913 2234 1981 et
2293 1900 2681 1983 virtutem
2742 1912 2821 1982 et
2878 1910 3393 2007 potestatem-

337 2064 590 2123 suam
639 2036 970 2123 Bestiae
1035 2038 1653 2145 (Antichristo)
1720 2036 2099 2121 tradent.
2143 2037 2258 2121 Hi
2314 2068 2500 2125 cum
2548 2038 2803 2153 Agno
2849 2038 3387 2153 pugnabunt,

335 2195 418 2262 et
480 2181 792 2295 Agnus
871 2180 1146 2266 vincet
1206 2182 1460 2263 illos:
1537 2180 1924 2292 quoniam
1986 2174 2396 2263 Dominus
2470 2177 2985 2263 dominorum
3064 2192 3244 2287 est,
3306 2194 3389 2265 et

342 2317 544 2405 Rem
618 2348 904 2435 regum
990 2324 1103 2430 (A)
1155 2382 1176 2403 .
1245 2322 1590 2432 Quando
1647 2322 1898 2435 igitur
1967 2318 2363 2401 Truncus
2444 2320 2677 2403 docet
2738 2318 3170 2403 Psalmum
3248 2323 3389 2407 in-

337 2463 744 2571 scriptam
787 2436 960 2545 esse
1001 2467 1148 2545 uni
1199 2460 1556 2548 Messiae
1588 2526 1614 2572 ,
1677 2478 1759 2545 et
1801 2480 2124 2545 certum
2167 2478 2290 2547 est
2342 2458 2703 2547 Victoris
2750 2487 3067 2544 nornen
3110 2488 3385 2545 unum

346 2630 522 2689 esse
585 2633 628 2686 e
675 2600 1032 2687 Messiae
1077 2599 1618 2713 nominibus;
1665 2631 1842 2685 non
1897 2605 2224 2687 videtur
2282 2632 2453 2687 esse
2512 2600 3067 2686 dubitandum
3099 2664 3121 2709 ‚
3172 2605 3377 2719 quin

349 2740 712 2829 Victoris
775 2747 1341 2857 interpretatio
1395 2750 1682 2832 ceteris
1739 2750 1848 2831 sit
1907 2750 2437 2833 anteferenda
2472 2809 2497 2831 .

584 2883 712 2969 De
771 2885 1068 2992 Liliis‚
1133 2903 1214 2969 et
1279 2885 1502 2973 Filiis
1548 2890 1807 2991 Corae
1867 2894 2032 2998 jam
2094 2889 2291 2977 alibi
2352 2894 2665 3005 dictum
2728 2909 2906 2977 est.

582 3022 1209 3143 Intelligentiam
1271 3030 1708 3140 tribuenti,
1776 3028 2150 3115 hebraice
2233 3010 2482 3129 5’?W9
2526 3098 2549 3141 ‚
2638 3036 2997 3119 maschil
3041 3064 3063 3118 τ
3126 3022 3389 3147 parti·-

347 3171 660 3281 cipium
721 3188 844 3255 est
902 3168 1126 3255 verbi
1183 3176 1716 3287 significantis
1772 3178 2305 3292 intelligentia
2380 3178 2673 3261 imbuit
2721 3243 2745 3287 ‚
2792 3180 3091 3263 erudiit
3136 3244 3159 3287 ‚
3252 3181 3391 3262 in-

342 3312 726 3420 struxit,
772 3313 1254 3421 informavit
1305 3312 1476 3420 (5).
1542 3315 2184 3431 Intelligentiam
2258 3333 2339 3401 et
2402 3321 2969 3432 cognitionem
3025 3326 3154 3409 sui
3202 3323 3387 3404 Do·-

345 3458 634 3540 minus
689 3472 972 3565 noster
1024 3454 1264 3543 Jesus
1320 3456 1698 3543 Christus
1755 3457 2156 3549 Hebraeis
2209 3459 2554 3575 largitur
2612 3489 2876 3574 quum
2938 3494 3073 3548 eos
3136 3471 3239 3554 ad
3296 3496 3387 3553 se

353 3602 816 3683 convertit.

589 3736 1100 3828 Dilectarum
1149 3810 1172 3855 ‚
1263 3742 1498 3855 ”55’72
1539 3814 1566 3859 ⁷
1635 3745 2010 3853 sedidem
2057 3810 2081 3856 ‚
2157 3748 2473 3859 plurale
2532 3774 2845 3831 nomen
2878 3766 3027 3832 -est
3088 3752 3393 3835 foemi-

349 3886 497 4001 nei
559 3891 941 4001 generis,
1021 3894 1250 3999 cujus
1319 3893 1736 4010 singulare
1818 3891 2375 3974 masculinum
2462 3898 2675 4003 ῬἾζ,
2748 3892 2989 3998 jedicl
3030 3958 3054 4005 ‚
3140 3898 3387 3986 unice
3526 3912 3535 3919 ’

347 4027 760 4141 significat
835 4032 1187 4119 dilectus
1223 4098 1248 4143 ‚
1322 4052 1417 4119 ut
1473 4052 1594 4119 est
1655 4035 1870 4144 apud
1925 4030 2519 4146 Montaldum‚
2604 4037 2743 4147 qui
2814 4036 3042 4119 hunc
3112 4040 3389 4151 ipsum

351 4171 634 4255 locum
694 4178 936 4257 vertit
989 4176 1478 4261 dilectarum
1545 4180 1662 4285 (6)
1697 4236 1720 4257 .
1829 4247 1837 4258 .

477 4340 540 4397 2
613 4310 962 4397 Ferbuit
1057 4344 1202 4402 cor
1283 4347 1548 4401 meum
1633 4321 1944 4429 optimo
2001 4322 2254 4403 verbo
2287 4382 2313 4427 ‚
2382 4318 2827 4403 meditante
2904 4346 3049 4441 moe·
3120 4316 3387 4427 Opera

707 4484 895 4540 mea
949 4456 1054 4541 de
1113 4456 1336 4574 Rege
1369 4524 1400 4571 ‚
1451 4459 1920 4549 Sermonem
1978 4492 2252 4549 meum
2310 4465 2594 4550 celeris
2638 4460 3099 4574 'Scriptoris
3154 4460 3389 4575 stylo

713 4617 1142 4685 exaratum
1173 4662 1196 4684 .

431 4822 548 4903 ‘(¹)
595 4822 822 4891 Ioann.
865 4824 1028 4891 XVI.
1079 4847 1185 4909 33.
1274 4827 1284 4839 ”
1916 4809 1926 4824 ’
2007 4826 2099 4917 (4)
2149 4834 2395 4898 ibidem
2444 4832 2641 4897 xvn.
2696 4854 2791 4913 ¹3·
2843 4854 2959 4909 14.

463 4932 556 5011 (ι)
605 4934 803 5015 Apoc.
853 4932 970 4997 ΠΙ.
1017 4960 1114 5005 2¹·
2013 4946 2106 5025 (ς)
2157 4942 2461 5006 Montald.
2508 4962 2651 5027 pag.
2704 4948 2883 5027 ¹⁶33·

465 5042 560 5125 (ς)
607 5042 802 5125 Apoc.
853 5042 956 5108 vl.
1009 5070 1076 5113 a.
2011 5053 2108 5135 (6)
2152 5051 2335 5118 Idem
2382 5072 2523 5141 pag.
2572 5074 2729 5130 4¹4·
