4500 6184
1160 461 1533 548 ema-m.
1568 457 1824 547 Scan.
1858 451 2260 542 I.'CA1³.·I.
2299 451 2688 538 Dnemn.
3175 429 3362 570 195⁶

410 620 673 724 (nam
714 637 904 696 vox·
932 608 1259 722 utrique
1316 610 1565 691 servit
1592 603 2076 716 ‘personae)
2126 629 2428 715 genere
2471 600 2918 684 dissidente
2979 629 3028 684 a
3086 595 3236 712 {⁴2⁸2
3291 627 3452 685 um·

394 776 697 878 guento
716 787 753 872 '3
818 761 1051 870 cujus
1094 753 1559 842 anomaliae
1616 749 1851 834 nulla
1906 762 2031 833 est
2072 749 2512 832 necessitas
2542 783 2568 827 ·.
2618 743 2778 829 Sed
2817 771 3110 830 vocem
3171 753 3456 836 omni-

392 899 557 984 -hus
619 905 971 986 invitam
1016 900 1280 983 modis
1326 897 1833 1010 coniungere
1878 921 2073 978 cum
2112 895 2460 976 nomine
2506 889 2650 975 illo
2711 887 2872 1003 193³
2927 892 3274 977 omnino
3314 923 3456 982 vo.

398 1044 741 1134 luerunt
770 1105 793 1129 .
834 1045 1155 1159 ‘Itaque
1190 1063 1199 1072 ·
1230 1043 1493 1126 multa
1567 1044 2344 1153 interpretationum
2401 1043 2720 1155 'genera
2791 1052 3115 1124 tentata
3187 1059 3454 1156 sunt-,-

397 1193 620 1306 quod
680 1203 853 1274 erat
906 1191 1298 1294 unicum,
1362 1181 1569 1268 illud
1625 1184 2007 1268 relictum
2066 1198 2189 1266 est
2221 1243 2240 1264 .
2287 1177 2396 1264 Et
2457 1209 2730 1295 quum
2789 1205 2960 1268 vox
3001 1185 3446 1269 manifeste

400 1333 511 1418 sit
562 1329 915 1418 verbum
945 1391 970 1442 ‚
1030 1329 1397 1441 plerique
1438 1339 1723 1408 tamen
1782 1353 2099 1408 nomen
2142 1351 2317 1408 esse
2360 1339 2876 1436 posuerunt,
2924 1325 3012 1408 hi
3053 1323 3450 1410 substan-

398 1482 673 1564 tivum
705 1541 731 1588 ,
801 1489 900 1560 ut
956 1451 1454 1559 Munster'us
1512 1466 1788 1553 oleum
1848 1467 2427 1552 evacuationis
2463 1525 2490 1576 ,
2575 1467 2660 1550 hi
2721 1469 3226 1578 adjectivum
3255 1530 3280 1579 ,
3355 1485 3456 1555 ut

398 1619 837 1708 Mercerus
896 1645 1003 1704 ex
1040 1612 1431 1700 Kimchio
1466 1611 1778 1724 fitsile‚
1849 1611 1980 1696 vel
2032 1611 2390 1721 spat-sile
2424 1673 2449 1721 ,
2515 1611 2602 1693 hi
2666 1613 3025 1726 denique
3084 1611 3244 1694 loci
3307 1619 3449 1727 qui

402 1761 751 1850 Turuch
796 1759 1378 1874 appellaretur,
1420 1767 1521 1838 ut
1576 1752 1965 1836 nonnulli
2030 1753 2246 1865 apud
2293 1755 2653 1838 eundem
2697 1751 3240 1865 Mercerum3
3303 1758 3450 1840 sed
3593 1847 3598 1852 ,

395 1934 691 1992 omnes
747 1905 1073 2018 proprio
1128 1916 1392 1988 marte
1424 1965 1447 2011 ,
1516 1898 1751 1984 nullo
1811 1913 2141 1982 anctore
2161 1959 2186 2007 ⁷
2248 1897 2646 2011 nulloque
2707 1895 3136 2007 exemp103
3185 1925 3448 2011 quum

389 2077 559 2137 vox
612 2050 875 2137 semel
942 2049 1075 2130 hic
1134 2059 1467 2128 tantum
1525 2054 1898 2124 occurrat
1930 2102 1954 2150 ‚
2016 2055 2099 2123 et
2151 2068 2241 2122 se
2301 2036 2653 2124 verbum
2727 2065 2956 2152 esse,
3033 2065 3212 2122 non
3281 2066 3445 2122 no-

394 2221 602 2280 men
632 2257 657 2304 ,
720 2196 895 2304 ipsa
951 2217 1102 2274 sua
1158 2197 1569 2270 structura
1624 2181 1974 2264 mirifice
2029 2181 2370 2291 prodat..

507 2331 787 2421 Juaeta
856 2327 1282 2414 Truncum
1354 2317 1737 2439 Virgines
1800 2336 1881 2406 te
1938 2321 2328 2408 amanti

630 2473 903 2558 Locus
950 2485 1072 2556 est
1102 2467 1272 2552 'ubi
1322 2468 1851 2551 sacrosancta
1897 2467 2127 2552 Crux
2166 2469 2662 2556 nominatur
2702 2467 2862 2555 illis
2903 2463 3180 2556 verbis
3241 2493 3450 2585 quae

390 2616 565 2731 jam
621 2614 921 2726 pluries
982 2612 1340 2694 vidimus
1398 2614 1476 2708 τῇ
1521 2591 1827 2706 ‘uz-hal
1890 2607 2171 2694 chen.

636 2759 879 2845 Hanc
952 2755 1455 2838 sententiam
1524 2781 1857 2837 summo
1932 2783 2127 2838 eum
2200 2759 2500 2872 gaudio
2543 2757 3126 2869 ‘pronunciant
3191 2751 3444 2840 Filiae

394 2899 1031 3014 Hierosolymae
1062 2958 1086 3005 ‚
1154 2896 1303 2977 hoc
1362 2907 1485 2978 est
1542 2891 1958 2976 Ecclesiae
2012 2912 2325 2982 veteres
2373 2957 2394 2980 .
2481 2898 2724 2984 Nihil
2797 2885 2920 2988 est
2983 2903 3211 2984 enim
3285 2925 3446 3012 quo

390 3045 659 3160 magis
718 3037 1080 3124 Ecclesia
1138 3038 1543 3150 laetetur,
1606 3063 1858 3152 quam
1919 3042 2298 3153 gentium
2375 3045 2913 3128 conversione
2957 3041 3082 3124 ‘ad
3139 3037 3447 3174 Domi-

344 3177 608 3273 ¹num
668 3197 1047 3268 nostrum
1101 3177 1389 3264 Jesum
1420 3239 1441 3262 .
1522 3179 1971 3294 Virginum
2032 3196 2315 3265 autem
2373 3185 2718 3270 nomine
2791 3199 3132 3302 gentem
3193 3192 3448 3274 etiam

392 3325 1055 3439 complectuntur
1101 3320 1613 3428 Hebraeam‚
1678 3351 1889 3436 quae
1947 3350 2389 3436 nunquam
2444 3341 2622 3410 tota
2670 3324 3094 3440 Sponsum
3152 3324 3443 3414 hahuit

392 3469 685 3557 Jesum
718 3533 741 3574 ,
804 3493 1055 3582 quem
1112 3481 1296 3577 post
1354 3461 1967 3550 Antichristum
2027 3464 2410 3554 habitura
2473 3488 2596 3555 est
2625 3530 2644 3552 .

513 3615 577 3712 4
668 3607 949 3694 Trahe
1007 3635 1137 3692 me
1184 3607 1204 3690 1

642 3749 1197 3836 Sulammitha
1256 3753 1535 3838 edocta
1582 3754 1757 3861 jam
1806 3779 2011 3865 quae
2053 3752 2155 3836 de
2208 3783 2297 3838 se
2359 3753 2531 3866 ipse
2577 3756 2859 3841 docuit
2901 3754 3142 3842 Jesus
3179 3820 3203 3867 ,
3250 3752 3448 3844 Ne·-

382 3921 525 3979 mo
593 3905 873 4005 potest
943 3895 1221 3980 venire
1286 3895 1407 3980 ad
1477 3923 1607 3981 mo
1639 3961 1663 4008 ‚
1742 3897 1906 3982 nisi
1972 3889 2245 3982 Pater<
2303 3902 2450 4014 qui
2521 3902 2750 3985 misit
2821 3931 2954 3988 me
2983 3968 3010 4014 ‚
3087 3906 3448 3991 traxerit

357 4061 581 4118 eum
635 4043 751 4144 (1)
785 4101 810 4149 ⁷
874 4037 1208 4124 Patrem
1250 4043 1493 4126 enixe
1536 4057 1715 4128 orat
1766 4056 1863 4125 ut
1904 4044 2167 4151 ipsam
2225 4059 2726 4158 gentemque
2781 4075 3024 4132 suam
3066 4049 3386 4132 trahat.

516 4173 752 4263 Pone
810 4194 888 4264 te
944 4207 1384 4292 curramus
1438 4181 1495 4276 !.

638 4321 1061 4411 Hebraeae
1106 4329 1373 4443 gentis
1416 4329 1839 4414 conversio
1883 4353 2081 4412 cum
2122 4331 2662 4416 conversione
2703 4329 3212 4449 reliquarum
3255 4354 3450 4416 om·-

394 4469 1089 4587 nium·gentium
1146 4471 1591 4580 conjuncta
1650 4491 1810 4557 est.
1860 4469 2424 4584 Quamobrem
2465 4475 2856 4594 Virgines
2921 4503 3198 4591 preces
3257 4501 3446 4561 suas

392 4609 861 4730 adjungunt
916 4609 1301 4728 precihus·
1352 4641 1555 4730 quas
1600 4615 2151 4706 Sulammitha
2210 4649 2356 4732 pro
2415 4626 2974 4710 conversione·
3013 4612 3444 4708 Hebraeo·-

2244 4763 2298 4848 b
2353 4763 2407 4859 b,
2463 4793 2524 4850 2

488 5079 585 5168 (ι)
630 5075 851 5152 Ιιοιιη.
898 5079 1007 5150 vl.
1056 5109 1165 5179 ⁴4·
