4500 6184
1064 452 1873 542 CANT10.,.ScssN.II.
1923 451 2123 538 CAP.
2162 451 2271 536 ΙΙ.
2325 446 2703 536 nnuma.
3061 469 3064 472 ’
3125 472 3334 568 209·

366 623 647 690 veram
680 593 874 686 Sedi
894 657 920 710 ,
948 599 1365 682 sententia
1408 626 1579 678 non
1624 594 2043 701 dissimili,
2076 595 2220 676 sed
2271 623 2432 708 qua
2471 592 2836 676 multum
2885 597 3416 682 actionis‘de·

363 745 773 857 perditum
837 756 957 823 est
990 801 1009 820 .
1058 737 1391 822 Addidit
1432 753 1846 848 praeterea
1890 761 2350 845 pronomen
2393 761 2692 846 quem,
2761 741 2980 847 quod
3023 767 3186 822 nec
3235 740 3413 825 He·

360 882 699 992 braeus,
735 911 887 966 nec
934 880 1463 995 Septuaginta
1506 882 1991 988 interpretes
2026 873 2347 957 habent
2377 892 2692 988 ;·atque
2734 897 2832 962 ut
2881 889 3416 974 continuaret

362 1027 864 1112 sententiam
898 1089 921 1132 ,
986 1023 1347 1137 neglexit
1408 1023 1736 1106 literam
1777 1049 1957 1104 vav
2023 1036 2214 1102 ante
2259 1040 2550 1102 vocem
2584 1085 2602 1103 .
2649 1021 2849 1107 sedi
2877 1091 2900 1132 ,
2949 1056 3214 1139 quam
3260 1028 3415 1113 Se-

366 1168 801 1279 ptuaginta
858 1183 1285 1250 verterunt
1342 1168 1767 1250 usitatiore
1812 1165 2410 1279 significatione
2467 1165 2591 1252 aad}
2645 1166 2989 1270 ἰκάθισα,
3055 1182 3138 1250 et
3181 1167 3363 1252 secli
3387 1225 3418 1254 .

480 1306 600 1389 Et
638 1307 981 1420 fluctus
1042 1313 1265 1399 illius
1314 1313 1607 1418 palato
1669 1339 1847 1392 meo
1898 1308 2325 1418 perdulcis
2389 1307 2576 1390 est!

606 1449 953 1536 Fructus
1027 1453 1336 1537 scilicet
1394 1449 1603 1534 Mali
1647 1513 1673 1559 ,
1768 1451 1921 1532 hoc
1983 1465 2105 1531 est
2165 1449 2449 1532 Crucis
2496 1511 2520 1558 ,
2608 1449 2782 1560 ipsa
2866 1453 3412 1538 redemtionis

363 1593 653 1678 effecta
686 1636 727 1704 ,·
796 1623 1244 1708 omnesque
1306 1592 1609 1709 gratia'e
1668 1621 1867 1675 sane
1940 1592 2534 1703 suavissimae,
2597 1609 2806 1706 quae
2883 1623 2932 1674 a
2995 1623 3236 1678 cruce
3315 1597 3408 1676 in

358 1764 521 1818 nos
580 1753 1176 1848 promanarunt
1208 1796 1227 1817 .
2560 1731 2562 1734 ’

484 1881 545 1978 4
626 1877 1031 1962 Adduxit
1083 1906 1215 1962 me
1272 1874 1384 1959 ud
1424 1869 1789 1960 Domum
1847 1871 2095 1959 Vini!
2162 1869 2352 1960 Jam
2409 1871 2836 1960 Vexillum
2886 1877 3110 1962 illius
3156 1901 3465 1990 super.

837 2051 967 2104 me
1021 2034 1143 2104 est
1194 2019 1213 2102 Ξ

606 2165 813 2274 Quia
874 2164 1245 2247 Dilectus
1293 2165 1459 2273 ipse
1492 2227 1515 2270 ,
1576 2179 1675 2246 ut
1730 2165 2217 2248 adnotatum
2289 2178 2410 2246 est
2455 2227 2478 2273 ,
2543 2177 3025 2277 pergentem
3073 2161 3415 2248 Sulam-

366 2307 725 2390 mitham
780 2307 883 2387 ad
940 2332 1268 2388 crucem
1326 2305 1744 2408 adjuverat
1800 2321 1883 2387 'et
1926 2309 2363 2388 comitatus
2427 2321 2646 2415 erat,
2710 2307 2882 2414 ipsa
2945 2299 3410 2417 gratissimo

363 2473 560 2560 erga
616 2447 853 2528 illum
912 2448 1189 2528 animo
1254 2445 1451 2528 haec
1506 2442 1755 2527 verba
1814 2447 2356 2555 pronunciat.

606 2584 762 2667 Ad
818 2583 1173 2670 Domum
1244 2583 1437 2668 Vini
1480 2649 1505 2696 ,
1593 2588 1747 2670 hoc
1831 2603 1952 2671 est
2012 2591 2115 2672 ad
2172 2592 2452 2673 sedem
2497 2651 2521 2698 ,
2606 2591 2714 2670 ad
2775 2587 3064 2672 locum
3141 2593 3420 2696 (nam

364 2725 572 2810 haee
660 2732 937 2812 omnia
1046 2733 1178 2823 ¹⁸2³.
1239 2791 1260 2836 ,
1342 2729 1573 2810 haith
1608 2789 1633 2835 ,
1724 2729 2134 2841 significat
2187 2731 2217 2830 )
2313 2733 2430 2834 (1)
2521 2730 2746 2810 unde
2841 2745 3414 2816 sacrosanctus

370 2871 735 2957 Domini
794 2873 1053 2954 nostri
1116 2871 1468 2986 Sanguis
1551 2871 1939 2982 profluxit
1984 2930 2010 2978 ,
2098 2888 2177 2954 et
2246 2869 2394 2954 uhi
2454 2875 2826 2982 primum
2885 2879 3428 2960 tremendum

365 3013 577 3096 illud
632 3017 1129 3099 sacrificium
1190 3013 1564 3098 oblatum
1611 3031 1735 3098 est
1776 3016 2035 3098 effuso
2096 3015 2318 3097 illius
2383 3043 2728 3122 eruore,
2795 3017 3226 3127 qui-cruor
3267 3015 3426 3102 suh
3505 2993 3512 3000 ⁶

368 3139 581 3244 Vini
638 3155 905 3267 specie
980 3154 1221 3242 nohis
1302 3163 1844 3271 propinatur:
1910 3160 2251 3242 adduxit
2326 3187 2462 3242 me
2524 3162 2630 3242 ad
2689 3157 3102 3272 Crucem,
3192 3161 3430 3267 cujus

365 3301 463 3382 in
524 3297 823 3382 umbra
883 3327 1069 3384 esse
1134 3297 1567 3410 cupiebam
1600 3359 1619 3383 .

627 3443 861 3526 Hanc
936 3447 1440 3526 sententiam
1524 3445 1734 3532 cella
1820 3469 2139 3560 quoque
2209 3441 2560 3529 vinaria·
2616 3442 2958 3560 Vulgati
2990 3509 3016 3555 ,
3079 3459 3162 3528 et
3245 3440 3433 3534 ornae

362 3599 493 3676 τοῦ
580 3587 745 3676 o'a'm
796 3651 820 3698 ,
882 3587 1184 3671 domus
1243 3589 1425 3670 vini
1472 3589 2001 3704 Septuaginta
2045 3594 2588 3700 interpretum
2637 3588 2940 3674 hahere
2999 3591 3182 3673 sine
3227 3613 3434 3668 con·-

366 3734 774 3814 troversia
845 3750 1189 3842 possunt
1220 3765 1243 3841 3
1280 3736 1459 3816 etsi
1514 3733 1793 3819 Patres
1840 3795 1865 3842 ‚
1930 3761 2127 3848 quos
2188 3763 2513 3845 semper
2576 3731 2912 3818 honoris
2971 3767 3214 3821 causa
3277 3761 3438 3816 no-

369 3873 623 3957 mino
670 3933 695 3982 ,
764 3865 911 3958 'alii
982 3881 1313 3990 quidem
1382 3881 1674 3966 cellam
1735 3879 2151 3970 vinariam
2234 3877 2567 3961 Sacram
2644 3875 3212 3988 Scripturam,
3297 3865 3439 3957 ani

372 4013 939 4102 Christianam
1016 4019 1467 4106 Ecclesiam
1514 4006 1901 4136 'intelligi
1986 4023 2399 4128 dixerint3
2490 4045 2696 4133 quae
2753 3997 2934 4103 'etsi
2993 4043 3185 4102 vera·
3245 3990 3420 4101 esse

370 4163 847 4273 generatim
904 4166 1219 4272 possint
1250 4226 1273 4271 ,
1338 4165 1471 4246 hic
1514 4180 1801 4247 tamen
1842 4162 1941 4243 iis
1999 4189 2176 4242 non
2216 4162 2544 4242 videtur
2589 4189 2760 4252 esse
2825 4159 3055 4242 locus
3095 4223 3118 4268 ,
3171 4187 3472 4271 quum⁴

372 4327 669 4414 neque
722 4302 1377 4387 nunc‘Dilectus
1426 4301 2108 4411 Sulammitham,
2152 4301 2312 4383 -hoc
2373 4317 2497 4383 est
2535 4315 2812 4382 'totam
2859 4295 3440 4384 Hebraeorum

382 4459 729 4558 gentem
788 4446 892 4527 ad
952 4444 1505 4526 Christianam
1536 4441 2014 4523 Ecclesiam
2072 4442 2421 4525 adducat
2451 4506 2476 4551 ,
2539 4445 2682 4526 sed
2742 4437 2962 4526 mox'
3011 4457 3194 4553 post
3251 4439 3438 4523 An·-

380 4583 863 4672 tichristum
920 4589 1291 4672 excisum
1349 4588 1455 4690 sit
1510 4587 2007 4672 adducturus
2039 4646 2065 4698 ,
2144 4613 2416 4699 neque
2473 4579 2706 4672 nunc
2783 4587 3060 4672 eidem
3118 4609 3438 4672 sacram

2332 4722 2508 4828 dd

480 5048 581 5135 (ι)
636 5043 952 5114 Mantala.
996 5067 1143 5138 pag.
1194 5065 1341 5136 103.
