4500 6184
1063 424 1428 509 CAN‘mc.
1461 422 1712 508 Scan.
1747 421 1895 511 VI.
1931 422 2132 507 Cu.
2167 422 2399 510 VIII.
2436 426 2805 514 Dncmuz.
3160 439 3317 529 281

432 576 836 690 affircbat
909 596 1064 679 pro
1125 578 1422 679 fructu
1507 570 1730 651 illius
1815 568 2078 651 millia
2157 581 2797 682 argenteorum5
2888 579 3463 685 quaestoribus

432 717 742 801 scilicet
774 776 798 823 ‚
855 708 1312 823 publicanis
1345 774 1368 821 ,
1443 712 1780 825 aliisque
1840 708 2317 795 hominibus
2380 714 2751 821 ejusdem
2827 718 3165 803 furfuris
3200 782 3219 801 .
3304 721 3461 809 Sa-

427 860 788 945 lomonis
845 856 1286 965 imperium
1350 852 1887 935 durissimum
1950 865 2032 932 et
2105 852 2685 965 gravissimum
2762 857 3013 943 fuisse
3088 891 3457 978 conque-

429 1022 622 1092 stae·
676 1016 878 1085 sunt
935 1000 1217 1080 decem
1273 987 1586 1075 Tribus
1617 1056 1640 1100 ‚
1705 1018 1910 1103 quae
1968 1006 2149 1099 post
2207 990 2425 1077 illius
2500 1012 2859 1082 mortem
2916 1030 2965 1083 a
3026 1000 3459 1097 Roboamo

427 1138 888 1238 successore
947 1142 1415 1223 defecerunt
1444 1198 1468 1245 ,
1529 1138 1723 1249 quia
1785 1134 2002 1248 quod
2043 1129 2485 1245 petebant,
2526 1134 2841 1223 Levius
2882 1138 3044 1252 fite
3090 1142 3447 1263 jugum,

425 1291 654 1410 quod
721 1284 1116 1398 imposuit
1175 1292 1418 1389 patet·
1473 1288 1670 1359 tuus
1743 1303 1996 1387 supet·
2061 1302 2271 1387 nos,
2352 1279 2615 1364 facere
2688 1283 2963 1369 noluit
3040 1292 3223 1395 (1).
3298 1290 3457 1383 Cui

431 1432 866 1521 defectioni
925 1450 1344 1509 occurrere
1401 1422 1680 1503 statuit
1711 1434 1766 1528 ‚‘
1797 1420 2180 1533 misitque
2237 1448 2398 1505 rex
2442 1420 2818 1509 Roboam
2870 1429 3263 1517 Aduram
3308 1437 3461 1545 qui

411 1584 802 1693 praeerat
859 1564 1182 1653 tributis
1215 1624 1240 1673 ,
1301 1573 1381 1645 et
1437 1558 2024 1669 lapidaverunt
2082 1588 2267 1642 eum
2299 1561 2491 1679 filii
2542 1559 2859 1677 Israel,
2940 1583 3022 1655 et
3077 1591 3455 1663 mortuus

423 1731 550 1802 est
629 1717 746 1825 (2)
785 1773 805 1795 .
865 1708 937 1793 E
997 1702 1292 1822 quibus
1349 1698 1617 1787 verbis
1675 1717 1995 1787 constat
2027 1762 2052 1811 ,
2141 1708 2667 1818 praecipuam
2724 1712 3197 1811 defectionis
3262 1750 3467 1805 cau-»-

399 1866 606 1943 'sam
662 1857 918 1940 fuisse
975 1846 1282 1935 tributa
1311 1911 1338 1960 ‚
1399 1874 1604 1961 quae
1645 1861 1846 1933 sunt
1903 1846 2216 1965 ¹fructus
2267 1848 2589 1935 Vineae
2640 1847 3101 1941 Salomonis
3146 1862 3283 1973 qui
3328 1862 3461 1949 hic

427 2013 1192 2086 commemorantur
1223 2054 1242 2077 .

667 2138 1306 2253 Unusquisqu65
1371 2131 1956 2249 Septuaginta,
2033 2151 2114 2219 et
2199 2133 2553 2219 Latinus
2640 2138 2833 2247 vir,
2926 2172 3133 2256 quae
3214 2150 3462 2233 tertia
3586 2131 3595 2139 ’

424 2299 552 2375 est
605 2280 1116 2367 obscuritatis
1175 2306 1415 2363 causa
1445 2336 1466 2361 .
1533 2277 1764 2363 Nam
1849 2281 1982 2372 Um!
2077 2276 2231 2361 hoc
2300 2276 2482 2359 loco
2528 2275 3041 2367 distributive
3082 2287 3461 2397 ponitur,

421 2458 588 2544 quo
645 2428 889 2510 modo
947 2421 1296 2539 quisque
1329 2484 1355 2534 ‚
1415 2422 1978 2535 unusquisque
2013 2483 2036 2530 ,
2093 2420 2437 2535 quilibet
2496 2424 2905 2537 sigulficat
2951 2428 3066 2531 (Ξ)
3103 2487 3122 2508 .
3166 2426 3465 2517 Millia

419 2582 990 2687 argenteorum
1022 2627 1051 2675 ‚
1126 2562 1506 2677 migliaja
1573 2559 1663 2643 di
1715 2575 2029 2643 monete
2075 2590 2094 2641 ε
2182 2589 2437 2673 quam
2518 2591 2689 2649 esse
2750 2564 2993 2671 hujus
3045 2565 3205 2651 loci
3264 2600 3461 2659 sen—

419 2713 772 2795 tentiam
825 2708 1176 2791 suadent
1231 2718 1312 2786 et
1371 2702 1830 2787 Salomonis
1888 2708 2367 2788 ,immensae
2460 2734 2655 2815 opes
2686 2770 2713 2817 ,
2772 2722 2854 2791 et
2914 2711 3199 2797 decem
3256 2711 3466 2797 Tria-

417 2850 693 2941 huum
751 2848 1176 2963 querelae,
1241 2860 1324 2928 et
1378 2842 1854 2929 incredibile
1911 2844 2151 2953 plane
2219 2822 2389 2927 esse
2420 2908 2447 2953 ‚
2528 2863 2627 2929 ut
2696 2864 2861 2939 aut,
2912 2866 3195 2937 tantae
3273 2854 3463 2959 illae

419 3022 612 3106 opes
669 2986 774 3076 ab
832 3016 1004 3073 uno
1059 2986 1613 3070 conflarentur
1653 2985 1828 3067 viro
1907 2985 2047 3097 qui
2107 2982 2435 3067 afferret
2487 2986 2709 3070 mille
2766 3004 3101 3083 tantum
3161 3024 3460 3117 argen-

414 3154 649 3246 teos,
710 3150 856 3217 aut
911 3130 1216 3247 singuli
1273 3144 1776 3245 quaestores.
1811 3126 2024 3212 hanc
2097 3152 2521 3211 summam
2595 3131 2858 3239 ipsam
2888 3194 2915 3241 ,
2990 3162 3171 3217 non
3254 3136 3462 3223 alius

411 3278 579 3361 alio
639 3278 1042 3383 majorem
1101 3274 1773 3358 minoremvein
1833 3268 2248 3363 aerarium
2308 3268 2780 3365 conferrent
2922 3360 2930 3365 ,

547 3446 657 3502 12
746 3413 1016 3499 Vinea·
1069 3418 1312 3523 trica,
1368 3424 1635 3528 quaml
1677 3413 1882 3497 mihi
1937 3414 2148 3519 erit,
2207 3438 2491 3497 coram
2550 3440 2681 3495 me
2742 3416 2948 3497 erit.

653 3556 1032 3643 Vineam.
1071 3586 1220 3671 ego
1279 3585 1556 3640 meam
1588 3620 1615 3665 ‚
1675 3558 1828 3641 hoc
1867 3564 2014 3639 ffe'st
2059 3550 2631 3645 Hebraeorum
2672 3576 3067 3641 meorum
3122 3588 3465 3672 tempu.-

417 3698 720 3785 blicam
739 3724 777 3808 ²,
863 3726 1124 3813 quum
1196 3727 1381 3781 eam
1451 3696 1768 3783 habebo
1795 3714 1835 3807 ,'
1911 3704 2124 3783 non'
2159 3695 2369 3783 dabo
2428 3696 2905 3784 custodibus
2934 3714 2973 3809 ‚'
3050 3718 3147 3791 ut
3180 3790 3189 3799 ,
3218 3699 3475 3795 dabat

425 3840 818 3927 Salomon
849 3904 872 3947 ‚
934 3842 1072 3922 sed
1132 3867 1279 3955 ego
1337 3840 1512 3949 ipsa
1571 3838 1800 3923 illam
1859 3840 2317 3925 custodiam
2346 3898 2365 3921 .
2430 3839 2611 3950 Quo
2676 3839 3031 3925 declarat.
3064 3906 3087 3953 ,
3144 3872 3235 3929 se
3294 3848 3465 3930 im-

423 4137 716 4205 tantur
772 4136 1220 4232 potestate.
1288 4118 1498 4203 Fieri
1557 4119 1892 4233 quidem
1966 4118 2054 4200 id
2129 4146 2305 4211 nun
2360 4146 2593 4228 posse
2628 4182 2651 4227 ,
2732 4119 3097 4235 plerique
3172 4150 3465 4228 omnes

421 4276 900 4347 nostrorum
964 4278 1438 4371 temporum
1505 4262 1808 4373 politici
1851 4256 2551 4347 existimabunt:
2618 4258 2916 4373 quibus
2974 4261 3238 4377 longe
3304 4264 3469 4357 alia

398 4396 860 4491 sententia*
891 4404 1398 4489 succurreret
1421 4462 1450 4518 ‚
1505 4405 1578 4485 si
1636 4430 1840 4514 quae
1895 4401 2341 4493 futuras&
2396 4416 2579 4513 post
2622 4399 3238 4487 Antichristum
3295 4405 3463 4489 im·-

1853 4580 1860 4587 ·
1947 4616 1956 4627 .
2059 4572 2142 4627 n.
2179 4572 2234 4633 a
2318 4586 2325 4598 ·

448 4884 464 4895 ‘
515 4890 611 4974 (ι)
657 4886 773 4953 m.
820 4888 983 4977 Reg.
1027 4890 1180 4957 xn.
2079 4888 2176 4976 (ς)
2220 4887 2525 4955 montald.
2572 4907 2719 4977 pag.
2764 4909 2863 4973 30·

533 5000 632 5083 (ι)
677 4996 760 5070 ΙΙ.
805 4998 938 5075 Pax.
981 4998 1058 5063 X·
1109 5004 1220 5067 ιζ
1315 5073 1330 5083 ,
1379 5004 1402 5013 ”’
1596 5005 1607 5027 ²
2488 5032 2503 5043 ·
2622 5032 2632 5041 ·
