4500 6184
1196 455 1367 548 186
1916 552 1921 558 ,
1964 486 2075 546 nt
2138 460 2422 564 Cauca
2469 467 3030 556 ‘Vm-mmmm
3087 469 3192 560 V.
3319 555 3323 560 ,

1423 596 1639 712 (His
1700 600 2096 691 citissime
2162 609 2379 694 actis
2411 672 2437 720 ,
2519 605 2832 696 Currus
2887 640 3199 730 magna
3255 640 3442 702 cum
3503 615 3904 734 dignitate
3937 603 4122 710 'ab-'-

1546 745 1925 861 ducitur,
1956 753 2209 864 quasi
2237 751 2798 840 Sulammitha
2825 754 3009 859 jam
3055 758 3210 841 iter
3247 772 3636 870 capessat
3679 789 3784 850 ac
3825 767 4118 856 abeat.

1554 885 1831 974 Filiae
1902 919 2007 978 ac
2076 891 2457 1010 Virgines
2511 897 3138 1008 obstupefactae
3209 897 3876 1017 admirantesque
3928 921 4126 995 tan·-

1552 1042 1725 1114 tam
1776 1033 2476 1143 pulchritudinem
2523 1061 2628 1122 ac
2683 1037 3379 1154 magnificentiam
3415 1104 3438 1154 ‚
3481 1044 3910 1130 abeuntem
3953 1045 4130 1136 Su-

1556 1171 2075 1258 lammitham
2132 1193 2538 1264 revocant
2568 1240 2588 1261 .

1086 1309 1254 1399 Fit.
1290 1375 1316 1426 ,
1361 1326 1440 1396 et
1496 1309 1728 1429 Virg.
1806 1316 2069 1424 (Cu.
2119 1317 2378 1426 VH.)
2473 1347 2510 1402 1
2605 1319 2874 1434 Redi,
2937 1326 3166 1438 redi,
3230 1356 3280 1412 ο
3342 1325 3948 1415 Sulammitha:
3988 1361 4130 1416 re-

989 1460 997 1470 “
1330 1453 1412 1535 di
1444 1457 1765 1570 ,redi‚
1831 1474 1927 1542 ut
1960 1475 2067 1543 te
2126 1461 2654 1546 intueamur!
4126 1498 4138 1512 ’

1454 1597 1835 1707 (Currus
1894 1601 1974 1684 in
2026 1600 2377 1688 Scenam
2437 1602 2911 1718 reducitur,
2971 1619 3224 1721 atque
3264 1607 3346 1692 in
3403 1609 3670 1696 medio
3729 1614 4132 1702 sistitur·
4093 1683 4132 1732 ‚

1564 1771 1609 1825 e
1666 1769 1831 1856 quo

1090 1875 1276 2007 Sul.
1368 1881 1583 1994 Quid
1642 1884 2025 1972 videbitis
2086 1895 2180 1974 in
2242 1889 2866 1980 Sulamrnitha?
2922 1911 3324 2010 tanquam
3367 1899 3716 1985 chorum
3775 1902 4138 1988 duorum

1339 2043 1795 2110 castrorum
1854 2091 2218 2117 .....
2289 2038 2404 2142 (1)
2441 2099 2460 2121 .

1098 2159 1266 2250 Fit.
1298 2229 1324 2278 ‚
1371 2182 1453 2251 et
1520 2166 1609 2250 V
1599 2171 1751 2286 irg.
1828 2201 1881 2255 2
1962 2175 2230 2284 Quam
2275 2181 2664 2290 pulchrae
2706 2198 2905 2267 sunt
2949 2213 3144 2267 cum
3189 2183 3476 2267 calceis
3517 2171 3845 2294 plantae
3886 2196 4080 2265 tuae
4110 2243 4144 2292 7

1340 2309 1785 2395 voluntari-i
1831 2311 2036 2398 Filia
2074 2315 2094 2399 l
2154 2324 2318 2426 (2).
2377 2320 2764 2406 Ambitus
2811 2325 3163 2409 laterum
3205 2341 3543 2408 tuorum
3581 2335 3778 2405 sunt
3819 2336 3914 2405 ut
3955 2349 4146 2404 mo-

1353 2453 1603 2561 nilia,
1656 2473 1855 2563 opus
1898 2483 2311 2544 manuum
2354 2457 2840 2574 praestantis
2885 2464 3213 2546 artificis
3250 2464 3269 2547 l
3313 2454 3382 2550 '3
3444 2461 3905 2546 Umhilicus
3949 2477 4140 2544 tuus

1352 2609 1620 2677 crater
1692 2609 1817 2677 est
1895 2600 2298 2682 rotundus
2385 2631 2562 2686 non
2647 2605 3050 2687 cariturus
3131 2603 3452 2686 mixto!
3548 2603 3868 2686 Venter
3949 2617 4150 2684 tuus

1338 2751 1687 2820 ‘acervus
1741 2751 1871 2821 est
1928 2742 2295 2825 triticeus
2353 2743 2542 2827 liliis
2585 2761 2860 2856 septus
2913 2746 2932 2828 l
3028 2750 3086 2847 4
3167 2743 3431 2828 Bin'ae
3479 2773 3896 2827 mammae
3954 2757 4150 2825 tuae

1310 2889 1555 2974 ‘sunt
1612 2881 1775 2962 duo
1819 2881 2147 2965 hinnuli
2194 2913 2525 2996 capreae
2573 2885 2898 3001 gemelli
2935 2883 2962 2967 ἓ
3041 2882 3095 2970 5
3169 2885 3499 2970 Collum
3541 2901 3786 2970 tuum
3827 2901 3922 2969 ut
3961 2899 4148 2968 tur-

1328 3021 1477 3102 ‘ris
1528 3018 1945 3138 eburnea}
2005 3027 2247 3110 Oculi
2303 3031 2431 3114 tui
2485 3045 2581 3114 ut
2638 3030 2997 3142 piscinae
3055 3028 3152 3111 in
3197 3024 3646 3113 Hesebone
3677 3028 3781 3110 ad
3822 3042 4140 3137 portam

1359 3157 1999 3248 Rath-rabbim!
2076 3167 2356 3258 Nasus
2415 3189 2607 3257 tuus
2651 3190 2748 3258 ut
2805 3175 3052 3258 turris
3095 3169 3402 3256 Libani
3465 3173 3898 3283 respiciens
3958 3196 4158 3252 con-

1352 3316 1479 3385 tra
1538 3301 2047 3392 Damascum
2098 3310 2115 3394 !
2210 3314 2274 3399 6
2358 3317 2624 3429 Caput
2695 3335 2942 3402 tuum
3012 3347 3256 3431 super
3312 3335 3396 3401 te
3467 3319 3727 3400 instar
3785 3309 4152 3395 Carmeli

1350 3459 1532 3556 θείς
1582 3465 1665 3532 et
1722 3453 1925 3536 vitta
1984 3461 2266 3568 capitis
2323 3464 2446 3544 tui
2489 3477 2589 3545 ut
2638 3491 3050 3574 purpura.
3101 3490 3244 3544 rex
3301 3471 3460 3544 est
3485 3457 4009 3541 alte-cinctus
4052 3456 4148 3534 in

1358 3591 1777 3679 cursibus!
1840 3625 1885 3708 7
1952 3601 2218 3709 Quam
2244 3606 2645 3715 pulchra,
2681 3620 2762 3688 et
2805 3632 3054 3718 quam
3096 3599 3460 3712 iucunda
3501 3627 3629 3708 es,
3663 3597 4025 3702 Dilecta,
4058 3594 4152 3676 in

1362 3738 1729 3824 deliciis!
1828 3743 1883 3830 8
1974 3743 2304 3830 Statura
2369 3751 2524 3832 ista
2579 3765 2724 3832 tua
2777 3747 3067 3830 similis
3127 3761 3245 3829 est
3300 3743 3672 3854 palmae3
3735 3752 3816 3820 et
3871 3763 4150 3818 mam-

1357 3907 1543 3960 mae
1590 3895 1778 3964 tuae
1821 3881 2143 3970 botris!
2194 3867 2258 4004 =9
2319 3891 2570 3976 Dixi.
2623 3893 3168 3976 conscendam
3226 3891 3316 3970 in
3358 3887 3776 3998 palmam,
3839 3878 4152 3989 capiam

1368 4029 1655 4107 ramos?
1702 4031 1871 4136 ejus
1906 4089 1925 4110 .
1992 4027 2104 4114 At
2145 4033 2316 4116 sint
2346 4096 2370 4144 ‚
2417 4064 2702 4146 precor
2728 4100 2753 4146 ‚
2813 4063 3228 4119 mammae
3271 4047 3468 4115 tuae
3506 4044 3599 4112 ut
3640 4021 3858 4106 botri
3900 4020 4090 4102 vitis
4120 4080 4143 4125 ,

1362 4181 1443 4251 et
1483 4169 1693 4251 odor
1757 4171 2061 4256 halitus
2106 4177 2229 4259 tui
2274 4192 2370 4259 ut
2411 4176 2621 4262 adar
2662 4203 3147 4289 pomorum3
3230 4197 3334 4256 ro
3417 4167 3667 4283 palati
3711 4180 3990 4249 autem
4028 4163 4154 4247 tui

1128 4520 1366 4586 lenitate
1398 4517 1813 4583 assentiuntur
1855 4517 2069 4601 gratiis
2096 4537 2130 4582 a
2157 4515 2416 4582 Difecto
2448 4533 2596 4580 meo
2685 4529 3012 4602 quotquot
3075 4513 3280 4580 adhue
3349 4512 3564 4575 nostes
3630 4501 3872 4572 Directi
3930 4511 4159 4571 erunt,

1133 4647 1332 4717 nuper
1374 4631 1437 4694 in
1482 4631 1665 4696 illum
1712 4629 1959 4694 effusis·
2697 4649 3102 4715 expugnem.

1222 4743 1315 4824 (ι)
1364 4743 1543 4808 Nihir
1572 4743 1861 4807 videbitis
1912 4745 2031 4808 nisi
2074 4745 2207 4809 duo
2251 4758 2454 4810 castra
2493 4765 2615 4830 pu·
2791 4743 2926 4824 (2)
2932 4742 3146 4812 ldest,
3175 4736 3327 4802 Filia
3373 4751 3532 4821 quae
3577 4725 3788 4817 gratiis
3833 4743 3868 4787 a
3915 4717 4178 4784 Directo

1134 4855 1513 4943 wantiam,
1560 4857 1707 4920 hinc
1751 4873 1869 4940 pto
1912 4852 2220 4928 Dilecto,
2271 4855 2335 4919 in
2383 4855 2614 4940 quibus
2697 4851 2815 4916 tibi
2861 4851 3030 4936 large
3071 4849 3358 4926 tributis,
3429 4839 3862 4932 promtissima
3909 4823 4182 4922 paruisti.

1132 4984 1239 5030 ero
1284 4987 1457 5052 ega,
1503 4966 1671 5030 illinc
1717 4981 1933 5031 contra
1980 4965 2363 5030 Dilectum.
2429 4967 2598 5030 Nam
2687 4963 3060 5030 voluntate

1131 5071 1201 5137 in
1240 5072 1545 5164 Iudaeam
1584 5076 1780 5150 statui
1808 5118 1830 5152 ³
1880 5091 1949 5144 ut
1991 5077 2332 5168 populares
2374 5095 2615 5170 meos.
