4500 6184
1217 484 1394 595 296
1988 505 2094 562 nn
2135 476 2437 563 Clmce
2499 478 3046 565 VAncmmM
3101 474 3249 565 VI.

1343 622 1800 708 Meditanti
1876 612 2297 703 Salomoni
2382 648 2619 729 opera
2700 646 2850 703 sua
2920 617 3101 701 Deo
3188 616 3545 701 dictante
3636 618 3737 700 de
3820 610 4137 702 Messia

1111 769 1561 877 conscripta
1653 770 1958 878 (quem
2031 764 2197 846 fere
2262 791 2583 873 semper
2642 761 2961 875 Regem
3048 762 3477 842 dumtaxat
3548 759 3855 863 vocat)
3941 760 4137 873 quid

1075 903 1270 989 ‘sihi
1330 905 1716 989 acciderit
1761 906 1912 989 hoc
1954 907 2373 1015 prooemio
2429 921 2707 988 narrat
2736 968 2761 1013 ,
2810 934 3109 1015 nempe
3156 934 3296 986 cor
3350 932 3603 988 suum
3659 902 4137 1013 prophetico

1108 1044 1424 1158 Spiritu
1481 1062 1951 1155 correptum
2009 1043 2405 1131 ferbuisse
2465 1052 2775 1160 optimo
2818 1044 3111 1159 verbo,
3172 1048 3484 1131 scilicet
3542 1046 3697 1129 hoc
3755 1048 3934 1157 ipso
3980 1042 4141 1127 Di-

1109 1192 1509 1275 lectarum
1567 1188 1884 1270 cantico
1925 1248 1952 1299 ‚
2019 1191 2236 1302 quod
2296 1190 2575 1271 statim
2637 1174 3160 1303 aggreditur.

1348 1325 1688 1410 Ferbuit
1733 1354 1878 1414 cor
1915 1356 2185 1414 meum
2231 1332 2536 1440 optimo
2583 1332 2876 1415 verbo.
2920 1330 3099 1416 Etsi
3142 1327 3487 1418 verbum
3542 1329 3727 1439 &⁰2
3778 1268 4149 1439 rahhas‚'

1125 1478 1280 1569 hoc
1319 1490 1647 1559 tantum
1689 1475 1866 1558 loco
1910 1474 2424 1583 inveniatur,
2470 1478 3007 1559 consentiunt
3043 1492 3329 1559 tamen
3370 1504 3661 1561 omnes
3706 1473 4146 1559 ebulliendi

1105 1644 1256 1699 seu
1309 1610 1904 1727 efflrvescencli
1959 1616 2658 1729 significationem
2699 1611 2998 1699 habere
3046 1620 3165 1724 (1)
3203 1677 3223 1698 .
3268 1614 3394 1700 Ab
3458 1647 3551 1699 ea
3598 1614 4137 1732 Septuaginta

1115 1757 1269 1866 ipsi
1321 1768 1805 1840 sumserunt
1859 1754 2291 1840 eructandi
2346 1756 3085 1872 significationem,
3152 1758 3343 1871 quia
3402 1786 3595 1843 vasa
3652 1754 4145 1843 ebullientia

1118 1893 1522 2009 liquorem
1579 1913 1996 1980 eructant.

1348 2034 1817 2121 Meditante
1873 2068 2054 2121 me.
2115 2036 2489 2125 Verbum
2554 2046 2715 2113 ’mat
2758 2104 2782 2149 ‚
2854 2068 3149 2151 amar,
3228 2043 3447 2155 quod
3505 2058 3626 2124 est
3681 2042 3841 2124 hoc
3896 2040 4144 2151 loc0,
4132 2032 4153 2061 ⁸

1115 2183 1520 2297 significat
1576 2186 1908 2295 quidem
1962 2180 2184 2265 dimit
2217 2188 2697 2299 ‚loquutus
2756 2198 2937 2295 est,
3001 2201 3083 2269 et
3136 2186 3502 2269 similia.
3581 2186 3724 2269 sed
3794 2180 4141 2299 quando

1113 2320 1231 2404 acl
1261 2336 1431 2406 'cor
1481 2320 1883 2434 refleruit·²
1945 2327 2214 2437 inquit
2268 2324 2752 2409 Montaldus
2818 2326 3156 2432 (referri
3214 2344 3495 2409 autem
3564 2328 3721 2409 hoc
3778 2324 3957 2407 loco
4016 2350 4145 2416 est

1117 2462 1764 2571 planissimum)
1821 2464 2002 2575 est,
2060 2469 2520 2580 cogitavit,
2578 2467 2872 2549 statuit
2928 2466 3161 2575 apud
3213 2494 3303 2550 se
3368 2472 3483 2575 (2)
3535 2497 3556 2548 ε
3626 2496 3835 2580 quae
3910 2469 4152 2580 cogi--

1115 2609 1318 2687 tatio
1379 2634 1638 2720 quum
1699 2608 2166 2690 diuturnior
2224 2622 2346 2690 est
2420 2622 2661 2722 atque
2733 2606 3209 2718 profundior
3240 2671 3265 2718 ,
3347 2622 3425 2690 et
3484 2610 3573 2688 in
3650 2604 3894 2689 rebus
3952 2634 4137 2689 ver-

1114 2762 1342 2829 satur
1402 2775 1599 2859 quas
1660 2751 2094 2831 continent
2149 2746 2398 2858 libri,
2456 2753 2663 2833 sacri
2718 2754 3255 2862 praesertim,
3330 2767 3427 2833 ut
3503 2749 3705 2832 haec
3770 2746 4143 2833 Salomo-

1117 2890 1248 2971 nis
1293 2950 1318 2997 ‚
1389 2892 1812 2974 meditatio
1884 2893 2228 2976 dicitur.
2306 2892 2859 3003 Quamobrem
2928 2890 3389 2977 meditandi
3458 2890 4145 3005 significationem

1121 3031 1362 3137 hujus
1404 3030 1557 3113 loci
1616 3034 2024 3144 propriam
2069 3063 2241 3117 esse
2274 3099 2297 3144 ‚
2345 3037 2701 3117 ostendit
2758 3038 2926 3145 ipse
2984 3048 3253 3117 textus
3291 3095 3310 3116 .
3382 3031 3624 3118 Verti
3686 3032 3934 3115 etiam
3990 3060 4142 3142 po·-

1119 3185 1280 3253 test
1310 3234 1334 3279 ‚
1376 3173 1768 3259 recitante
1825 3202 1954 3257 me
2005 3202 2261 3283 opera
2296 3206 2489 3260 mea
2528 3176 2629 3259 ‹Ie
2670 3174 2947 3290 Rege:
3014 3206 3217 3289 quae
3278 3175 3765 3290 significatio
3812 3172 4137 3283 propius

1121 3314 1226 3398 ad
1268 3317 1720 3427 prIncipem
1780 3317 2008 3401 illam
2046 3296 2369 3405 dicendi
2408 3321 2773 3427 accedit3
2834 3320 2949 3402 sic
2988 3334 3275 3401 tamen
3316 3334 3410 3400 ut
3450 3313 3871 3397 meditatio
3916 3338 4141 3395 sem-

1122 3483 1266 3565 per
1327 3457 1836 3573 intelligatur
1896 3490 2068 3543 esse
2129 3464 2567 3569 conjuncta
2600 3520 2617 3539 .
2682 3454 2907 3541 Haec
2966 3459 3063 3539 de
3122 3460 3767 3574 significatione.

1363 3596 1492 3679 De
1551 3614 1917 3709 tempore
1978 3630 2138 3714 quo
2194 3629 2356 3683 vox
2416 3597 2767 3683 hebraea
2827 3600 3213 3681 vertenda
3274 3602 3380 3681 sit
3424 3664 3448 3710 ‚
3522 3629 3751 3684 nune
3822 3617 3948 3685 est
4018 3605 4144 3687 di-

1127 3739 1484 3820 cendum
1516 3799 1534 3820 .
1603 3736 1831 3824 Nam
1894 3747 2114 3854 quod
2173 3741 2705 3856 Septuaginta
2762 3740 3360 3828 transtulerunt
3412 3742 3593 3829 dico
3658 3771 3806 3859 ego
3841 3806 3869 3854 ‚
3930 3745 4147 3855 apud

1121 3877 1542 3965 Hebraeos
1602 3884 2121 3993 participium
2185 3903 2307 3969 est
2390 3896 2499 3998 ’ἓξ
2553 3878 2775 3992 Ἰζᾶ,
2862 3896 3089 3971 ονηρι·
3142 3894 3341 3994 ani,
3430 3884 3833 3969 meditans
3919 3912 4069 3999 ego
4118 3946 4141 3967 .

1125 4021 1310 4111 Hoc
1353 4041 1632 4111 autem
1692 4031 2111 4142 participio
2167 4050 2523 4119 utuntur
2568 4031 2923 4118 Hebraei
2983 4060 3157 4114 non
3200 4030 3471 4141 solum
3513 4031 3695 4112 loco
3752 4058 4143 4141 praesen-

1124 4174 1228 4254 tis
1288 4172 1672 4283 temporis
1731 4173 2148 4257 indicativi
2205 4176 2498 4284 modi,
2575 4203 2735 4288 quo
2796 4165 3129 4279 carent3
3206 4172 3347 4253 sed
3406 4187 3484 4252 et
3551 4171 3727 4253 loco
3790 4170 4139 4255 aliorum

1126 4288 1466 4430 quoque‘
1504 4340 1680 4397 non
1732 4342 2182 4424 paucorum
2240 4335 2710 4428 temporum
2743 4381 2766 4425 ,
2860 4335 2939 4399 et
2998 4318 3171 4424 ejus
3228 4318 3480 4399 etiam
3540 4342 3788 4426 quem
3844 4310 4139 4395 Latini

1121 4456 1582 4539 ablativum
1643 4458 2114 4541 absolutum
2183 4460 2525 4568 dicunt,
2614 4482 2708 4539 eo
2764 4486 3089 4567 prorsus
3145 4458 3391 4539 modo
3454 4482 3612 4566 quo
3676 4454 3920 4563 Itali,
3995 4454 4139 4565 qui

1121 4595 1564 4681 meditante
1626 4625 1753 4680 mc
1812 4627 1990 4681 non
2048 4600 2204 4683 alia
2289 4604 2606 4683 ratione
2666 4601 2929 4683 dicere
3014 4626 3155 4707 per
3208 4598 3726 4707 participium
3811 4608 4148 4706 possent

1129 4737 1293 4821 nisi
1355 4736 1821 4827 meditando
1897 4740 1976 4825 io
2012 4800 2033 4821 .
2123 4740 2254 4825 Sic
2326 4742 2577 4859 igitur
2638 4743 2885 4824 etiam
2945 4734 3301 4822 Hebraei
3372 4734 3978 4851 loquebantur,
4066 4749 4148 4821 et

1231 5046 1316 5130 (ι)
1365 5044 1682 5112 Montald.
1726 5068 1868 5137 pag.
1918 5070 2102 5131 ¹434·
2288 5062 2295 5073 ·
2780 5050 2867 5131 (ι)
2918 5044 3219 5113 Montald.
3266 5064 3415 5134 pag.
3458 5050 3564 5125 48.
