4500 6184
1548 411 2417 508 ΡιΛινΑΤπσῖ
3192 430 3375 528 ssfflv

475 545 644 626 tere
702 541 1170 644 institutam
1229 544 1330 629 ab
1394 579 1490 634 eo
1547 556 2032 669 religionem
2080 591 2356 646 veram
2402 583 2485 649 et
2526 571 2890 657 divinam
2960 603 3130 663 esse
3166 641 3184 662 .
3234 581 3483 669 lllum

459 703 747 768 autern
833 685 1006 770 esse
1055 687 1357 770 'Deum
1403 753 1426 798 ,
1518 697 2086 780 vaticiniisde
2181 732 2416 788 cruce
2502 724 2671 790 tam
2744 718 3143 823 praeclare
3190 774 3241 830 ,·
3306 739 3480 808 tam

469 831 824 934 diserie,
885 845 1058 910 tam
1119 859 1490 940 expresse
1538 838 1875 948 doceri,
1929 851 2455 944 ,ut'antede
2524 879 2608 932 se
2666 857 2819 962 ipsi
2883 855 3253 944 dubitare
3330 866 3477 946 de·-

461 965 770 1076 beant,
845 972 1120 1068 sintne
1197 973 1570 1060 homines
1645 1011 1752 1062 an
1827 988 2170 1089 pecudes
2245 989 2327 1069 hi
2402 995 2539 1102 qui
2600 1022 2775 1075 nou
2848 1005 3474 1112 assentiantur-²,

465 1109 714 1226 'quarn
793 1115 870 1194 id
943 1143 1118 1194 non
1177 1119 1596 1202 confiteri.
1689 1121 1818 1203 Ex
1851 1186 1865 1224 ·.
1889 1153 2047 1238 quo
2115 1131 2305 1239 fit,.
2356 1148 2451 1214 ut
2506 1138 2663 1216 nisi
2720 1138 2949 1229 stulti
3026 1169 3215 1222 esse·
3266 1143 3475 1226 reli-

459 1285 704 1364 muS,
767 1255 1322 1339 Christianam
1412 1261 1922 1374 religionem,
1963 1294 2238 1350 veram
2312 1288 2393 1353 et
2465 1275 2827 1358 divinam
2900 1309 3069 1363 esse
3130 1287 3473 1368 omnino

467 1413 822 1480 statuere
885 1393 1370 1479 debeamUS.
3442 1509 3449 1514 ὁ

577 1541 628 1624 8
715 1537 1266 1622 Assumtionis
1327 1544 1840 1626 confirmatio
1900 1574 1943 1627 e
2006 1553 2407 1644 vaticiniis
2481 1561 2579 1640 de
2634 1581 3123 1648 cruce-tam·
3168 1569 3473 1651 multi--

449 1681 643 1794 plcx
684 1695 806 1760 est
838 1742 861 1787 ,
915 1696 1010 1761 ut
1055 1682 1218 1764 fere
1263 1685 1631 1797 singulae
1695 1686 2023 1770 illorum
2070 1678 2306 1779 voces
2351 1718 2834 1810 argumenta
2886 1709 3456 1816 suppeditent'.

443 1833 582 1916 Ex
641 1859 802 1944 quo
859 1829 1166 1910 factum
1227 1824 1544 1935 est,'ut
1588 1825 1952 1912 contenti
2009 1837 2386 1916 studiosis
2419 1843 3152 1931 ·materiem-unde
3210 1875 3460 1960 argu«.

445 1990 930 2063 men-[entur
1013 1975 1464 2080 paravisse,
1555 1976 2009 2056 maximam
2078 1993 2392 2084 partem
2452 1981 3021 2093 reliquerimus
3096 1985 3461 2094 ipsorum

450 2117 969 2229 diligentiae.
1021 2113 1183 2193 Vix
1244 2114 1470 2192 enim
1531 2115 1845 2194 exitum
1905 2110 2109 2194 liber
2165 2117 2661 2229 invenisset,
2709 2124 2777 2204 si
2840 2127 3119 2206 omnia
3182 2153 3459 2234 perse·-

443 2263 580 2370 qui
651 2258 1183 2340 voluissemus
1219 2313 1238 2332 .
1303 2254 1480 2360 Quo
1539 2254 1782 2334 modo
1853 2267 2138 2334 tamen
2207 2275 2690 2368 argumenta
2769 2263 3137 2362 ducenda
3205 2269 3381 2348 sint
3426 2327 3453 2376 ,

445 2397 592 2482 abs
671 2427 757 2480 re·
811 2399 1164 2480 fortasse
1239 2419 1412 2474 non
1484 2395 1688 2500 erit,
1763 2389 2052 2472 saltem
2109 2406 2513 2506 tyronum
2574 2415 2657 2482 et
2712 2404 3063 2512 exempli
3122 2409 3449 2519 gratia,

435 2539 578 2624 hic
631 2543 910 2650 paucis
972 2539 1395 2622 ostendere
1429 2595 1450 2616 .

556 2709 610 2793 9
701 2679 1142 2765 Sumamus
1231 2681 1480 2793 igitur
1535 2678 1872 2760 Davidis
1932 2677 2416 2760 vaticinium
2502 2684 2719 2793 quod
2792 2683 3321 2792 primoloco
3386 2713 3453 2765 a„

431 2822 680 2907 'nobis
759 2826 1120 2934 positum
1199 2835 1372 2924 est,
1449 2832 1690 2929 atquc
1759 2819 1872 2898 ila
1947 2820 2322 2898 orditur:
2399 2813 2627 2928 Dec,
2700 2823 2814 2902 mi
2868 2819 3111 2931 Dec,
3187 2823 3431 2913 veni!

441 2964 566 3049 Te
633 2965 990 3048 diluculo
1067 2962 1306 3068 cupio
1343 3023 1364 3066 ,
1425 2972 1502 3040 {c
1559 2958 1734 3038 sitit
1803 2957 2082 3038 anima
2139 2985 2324 3040 mea
2371 3021 2393 3065 ,
2442 2974 2545 3042 ’τε
2614 2988 2807 3046 caro
2879 2991 3063 3047 mea
3118 2963 3443 3048 deside..

429 3119 562 3189 rat
613 3103 631 3185 ἔ
712 3101 808 3186 In
867 3103 1188 3215 regione
1247 3098 1485 3182 arida
1545 3127 1730 3182 sum
1764 3161 1787 3205 ,
1839 3113 1920 3181 et
1973 3102 2257 3181 lassus
2317 3129 2724 3214 aquarum
2786 3107 3061 3213 inopia
3117 3105 3133 3186 !
3180 3104 3442 3214 Quod

433 3245 536 3329 ab
595 3248 720 3328 his
775 3245 1060 3354 primis
1134 3241 1498 3325 vaticinii
1547 3237 1806 3322 verbis
1865 3241 2379 3348 perspicuum
2427 3261 2631 3352 est,
2668 3247 3199 3352 dilucidato,
3250 3274 3433 3356 per-
3556 3240 3560 3245 ’

429 3385 966 3469 manifestum
1036 3380 1164 3464 vel
1251 3383 1470 3488 ipsis·
1513 3382 1762 3462 etiam
1821 3382 2072 3460 caecis
2146 3395 2226 3460 et
2286 3409 2623 3466 omnem
2681 3381 3240 3466 aversantibus
3297 3383 3433 3465 lu·-

429 3553 665 3635 cem,
723 3523 928 3605 illud
989 3517 1162 3632 est,
1222 3551 1269 3604 a
1330 3520 1648 3606 Davide
1709 3521 2269 3601 amantissime
2326 3550 2419 3602 ac
2475 3523 3101 3635 flagrantissime
3163 3515 3428 3636 rogari

425 3664 706 3748 Deum
768 3679 864 3744 ut
907 3663 1191 3746 -veniat
1225 3725 1244 3744 .

663 3805 1133 3887 Hoctanto
1190 3804 1585 3888 desiderio
1649 3804 2216 3909 manifestam,
2286 3818 2631 3913 putasne
2690 3803 3203 3918 Prophetam'
3243 3835 3433 3916 per·-

423 3971 610 4060 gere
671 3971 866 4028 cum
925 3944 1106 4026 Deo
1162 3941 1469 4057 loqui?
1527 3943 1732 4026 Ecce
1790 3941 1938 4024 tibi
2010 3946 2289 4024 statim
2350 3944 2751 4055 Crucem,
2800 3949 2901 4028 ad
2955 3977 3202 4061 quam
3246 3973 3431 4040 ora-f

417 4073 757 4171 tionem‘
795 4117 1029 4180 suam
1091 4088 1540 4170 convertit.
1609 4061 1986 4168 Trunca!
2055 4086 2134 4164 in
2193 4081 2652 4167 Sanctitate
2706 4099 2787 4168 te
2846 4087 3073 4194 vidi,
3140 4101 3231 4190 ut
3294 4087 3438 4166 viv.

411 4224 681 4312 ‹let-em
747 4227 1195 4337 potentiam
1271 4245 1498 4312 mam
1536 4293 1557 4336 ,
1635 4259 1736 4314 ac
1806 4227 2320 4328 majestatem
2396 4228 2679 4308 tuam!
2772 4225 2930 4309 Ubi
3006 4225 3429 4328 Sanctitas

410 4371 631 4453 nihil
691 4369 916 4452 aliud
982 4371 1442 4484 significat,
1509 4373 1666 4450 nisi
1727 4371 2109 4451 omniurn
2183 4368 2669 4454 Sanctorum
2744 4367 3126 4460 caelitum
3202 4365 3427 4472 ordi-j·

409 4539 614 4616 nes3
679 4512 916 4620 plane
981 4537 1140 4620 quo
1198 4511 1440 4590 modo
1499 4485 1959 4614 nobilium,
2036 4527 2118 4592 et
2177 4513 2483 4592 civium
2538 4512 2861 4593 ordines
2924 4508 3203 4590 Latini
3268 4534 3429 4588 no·-

411 4641 818 4734 bilitalem
877 4669 965 4734 et
1023 4652 1438 4733 civitatem
1503 4651 1885 4731 dixerunt
1927 4708 1948 4730 .
1995 4648 2173 4732 ·Ille
2231 4650 2611 4730 omnium
2672 4648 3162 4734 Sanctorum
3232 4673 3424 4727 coe-

409 4809 544 4876 tus
577 4855 600 4900 ,
692 4795 834 4906 qui
895 4781 1212 4874 caelum
1273 4806 1511 4872 erant
1564 4819 1706 4900 per
1789 4815 2114 4870 crucem
2183 4791 2703 4870 conscensuri
2734 4854 2759 4898 ,
2838 4788 3099 4869 crucis
3170 4785 3419 4893 ipsius

415 4934 868 5040 potentiam
943 4929 1472 5046 ostendebat5
1546 4935 2068 5052 ejusdemque
2139 4933 2515 5042 majestas
2570 4933 2660 5014 in
2728 4947 2903 5014 tam
2978 4923 3427 5040 magnifico(
