4500 6184
1190 439 1401 556 “¹98
1904 498 1911 506 ⁷
2010 463 2123 522 m
2185 436 2472 524 Ciumn
2531 437 3089 527 ermmmm
3146 445 3251 528 V.

1098 603 1353 698 gnam
1411 579 1667 662 nolite
1722 579 2033 662 intueri
2065 561 2700 688 ,sanctissimae
2766 580 3016 666 Filiae
3085 581 3716 704 Hierosolymae
3755 649 3783 672 ⁴
3833 589 4145 708 Niger-2-

1100 723 1310 810 rima
1372 723 1598 806 enim
1656 751 1894 834 sum,
1960 753 2062 807 ex
2120 750 2284 840 quo
2341 725 2545 811 Luoe
2605 753 2814 812 vera
2871 752 3090 841 quae
3145 728 3558 814 illuminat
3609 755 3930 816 omnem
3989 736 4148 820 ho-

1094 866 1389 952 minem
1446 869 1901 952 venientem
1974 869 2053 951 in
2129 871 2360 956 hunc.
2407 869 2805 958 mundum
2873 929 2892 954 .
2943 931 2964 954 .
3013 929 3033 952 .
3083 931 3104 954 .
3169 870 3646 982 inproprie
3702 874 3991 986 venit)
4063 894 4144 961 et

1093 1011 1231 1095 sui
1287 1039 1473 1094 eum
1530 1038 1688 1094 non
1743 1023 2219 1118 receperunt
2259 1071 2280 1092 .
2347 1015 2466 1120 (1)
2519 1073 2538 1093 .
2601 1008 2731 1092 Ex
2791 1040 2887 1092 eo
2943 1027 3314 1124 tempore
3348 1079 3372 1125 ‚
3433 1045 3578 1126 per
3633 1031 3760 1099 tot
3811 1019 4138 1133 secula,

1095 1151 1479 1242 Hebraea
1540 1181 1739 1270 gens
1798 1183 1951 1270 ego
2006 1185 2411 1269 perquam
2465 1154 2920 1270 nigerrima
2978 1183 3218 1245 sum.
3301 1156 3448 1243 Sol
3505 1156 3925 1243 Dominus
3984 1187 4142 1243 no-

1094 1317 1259 1396 ster
1312 1301 1551 1386 Jesus
1616 1300 1984 1384 Christus
2051 1297 2249 1383 alibi
2311 1303 2565 1385 etiam
2627 1297 3074 1411 appellatus
3121 1316 3296 1384 est:
3363 1297 3512 1385 Sol
3567 1301 3778 1384 enim
3823 1313 3906 1383 et
3947 1301 4140 1416 cly-

1078 1471 1291 1554 peus
1350 1461 1473 1530 est
1535 1441 1943 1530 Dominus
2008 1440 2237 1529 Deus
2303 1449 2486 1556 (2);
2551 1445 2693 1559 qui
2753 1439 2896 1527 Sol
2951 1441 3340 1528 visitavit
3373 1505 3398 1554 ‚
3437 1456 3520 1526 et
3552 1438 3770 1554 fhcit
3825 1437 4142 1526 redem-

1062 1588 1385 1675 tionem
1439 1592 1707 1700 plebis
1768 1617 1975 1675 suae
2043 1593 2161 1696 (3)
2210 1651 2230 1672 .

1321 1731 1477 1816 Ea:
1531 1763 1695 1849 quo
1758 1765 1888 1820 me
1943 1733 2091 1820 Sol
2146 1735 2490 1819 invisit.
2538 1725 2694 1814 Ex
2753 1759 2916 1845 qno
2979 1731 3196 1843 apud
3242 1724 3664 1814 Hebraeos
3729 1741 3864 1810 est.
3901 1755 4138 1836 prae·-

1060 1873 1353 1958 ·fixum
1396 1905 1857 1988 pronomen
1900 1882 2005 1993 ¹2,
2046 1881 2266 1992 quod
2307 1881 2524 1962 vices
2571 1878 2782 1992 gerit
2823 1877 3123 1992 integri
3167 1873 3689 1987 pronominis
3733 1877 3907 1987 Ἷξρέ
3975 1877 4135 1984 (4),

1056 2034 1337 2136 -atque
1410 2019 1659 2106 hahet
1735 2051 2020 2107 omnes
2099 2024 2747 2139 significationes
2823 2021 3066 2128 hujus
3144 2021 3364 2103 vocis
3437 2021 3852 2130 proprias;
3933 2051 4144 2135 quae

1086 2165 1597 2276 saepissime·
1623 2167 2121 2276 particulas·
2155 2167 2553 2277 exprimit
2600 2229 2624 2277 ‚
2709 2179 2802 2248 ut
2863 2161 3268 2248 adverbia
3313 2161 3716 2272 temporis
3751 2223 3777 2269 ‚
3835 2158 4140 2243 videli-

1088 2319 1273 2415 cet,
1333 2335 1519 2392 cum
1557 2373 1583 2423 ⁷
1640 2311 1975 2426 quando
2013 2327 2539 2426 ‚postquam
2605 2305 2722 2416 (5)
2777 2370 2796 2390 .
2875 2307 3146 2414 Hujus
3205 2322 3660 2416 postremae
3719 2304 4139 2418 significa-⁶

1092 2454 1342 2540 tionis
1398 2479 1513 2538 εει·
1556 2479 1717 2566 quo
1776 2479 2262 2571 synonyma
2321 2467 2443 2536 est
2484 2509 2514 2534 .
2571 2447 2871 2532 Invisit
2918 2475 2940 2529 ε
3003 2449 3332 2533 videndi
3393 2463 3514 2532 est
3563 2445 3888 2556 propria
3945 2470 4134 2528 ver-

1088 2575 1175 2678 bi
1236 2592 1369 2702 ’ΠΨ
1441 2593 1926 2710 significatio
1962 2655 1981 2675 .
2066 2591 2227 2676 Hie
2295 2588 2720 2704 Vulgatus
2783 2615 2939 2698 per
2997 2585 3381 2700 effectum
3441 2614 3792 2672 causam
3862 2611 4141 2694 eoep0-.

1086 2739 1205 2832 nit
1242 2769 1261 2823 ε
1325 2739 1406 2820 in
1451 2766 1689 2852 quem
1734 2737 1945 2826 enim
1988 2733 2139 2824 Sol
2179 2761 2383 2820 suos
2431 2731 2713 2818 radios
2759 2729 3047 2846 defigit
3079 2793 3102 2840 ‚
3171 2731 3442 2840 ipsum
3487 2730 3904 2816 decolorat
3958 2731 4074 2841 (6)
4103 2791 4140 2817 ..

1203 2879 1408 2966 Filii
1462 2880 1756 2964 matris
1812 2901 2046 2960 meae
2091 2875 2217 2958 ira
2260 2885 2762 2958 exarserunt
2805 2871 2886 2954 in
2932 2900 3061 2955 me
3109 2900 3130 2954 ε
3169 2885 3628 2983 posuerunt
3673 2900 3806 2956 me
3847 2885 4132 2960 custo-

1275 3039 1301 3050 “
1438 3022 1623 3108 dem
1681 3024 2113 3106 vinearum
2160 3049 2239 3104 τ·
2329 3069 2336 3078 ·

1330 3161 1693 3250 Hebraei
1746 3165 2060 3248 seilicet
2114 3166 2284 3248 mei
2340 3163 2767 3277 populares
2804 3222 2824 3244 .
2871 3161 3100 3249 Nam
3163 3159 3720 3247 Sulammitha
3773 3186 4136 3271 persona.

1092 3324 1215 3395 est
1270 3306 1755 3422 allegorica,
1828 3321 1931 3390 ut
1992 3307 2308 3394 dictum
2369 3321 2492 3390 est
2526 3369 2552 3412 ‚
2597 3305 2969 3388 ,conflata
3031 3332 3142 3388 ex
3199 3302 3602 3389 Hebraeis
3647 3303 3839 3410 :jam
3911 3301 4132 3384 chri·-

1092 3452 1381 3538 stianis
1436 3449 1801 3558 effectis,
1867 3450 2009 3563 qui
2072 3475 2614 3536 communem
2663 3445 2992 3544 ,habent
3042 3471 3231 3530 cum
3282 3443 3674 3530 omnibus
3725 3443 3904 3528 aliis
3951 3439 4126 3526 He-

1068 3589 1359 3678 braeis
1414 3607 1811 3700 mat-rem,
1860 3593 2127 3701 ipsam
2170 3619 2462 3674 eorum
2517 3591 2986 3681 nationem.
3037 3590 3254 3676 Illud
3313 3593 3542 3674 enim
3585 3589 4129 3672 ,animadver-

1092 3759 1267 3820 tere
1296 3799 1321 3845 ‚
1368 3764 1461 3818 ac
1517 3733 1997 3821 meminisse
2043 3747 2416 3842 opportet
2446 3796 2472 3843 ‚
2531 3729 2854 3824 Affatris
2903 3735 3245 3822 nomine
3287 3762 3610 3843 semper
3651 3733 3743 3814 in
3785 3729 4129 3813 Cantico

1090 3854 1521 3960 nationem
1578 3871 2151 3960 Hebraeorum
2203 3877 2762 3992 significatam
2823 3907 3050 3988 esse3
3116 3907 3278 3992 quo
3349 3878 3695 3960 nomine
3753 3871 3858 3958 ab
3920 3872 4128 3958 Isaia

1036 4044 1416 4130 ·quoque
1490 3999 1740 4100 fuisse
1800 4017 2311 4129 appellatam-
2343 4019 2514 4126 jam
2574 4021 2930 4104 vidimus
2997 4021 3124 4106 his
3171 4017 3440 4106 verbis
3486 4047 3507 4120 ς
3587 4017 3744 4104 Ubi
3783 4031 3912 4102 est
3971 4017 4122 4098 isle

1036 4155 1293 4242 .Iiber
1356 4157 1687 4270 repudii
1742 4159 2065 4248 Matris
2116 4177 2516 4274 vestrae,
2592 4193 2756 4281 quo
2835 4165 3062 4250 illam
3121 4158 3644 4246 dimiserim?
3713 4174 3866 4246 aut
3937 4155 4118 4272 quis

1032 4314 1209 4388 :est
1258 4330 1305 4386 e
1364 4301 1899 4394 creditoribus
1932 4306 2147 4394 meis
2178 4367 2206 4422 ‚
2267 4306 2408 4397 cui
2433 4332 2622 4390 vos
2668 4303 3172 4392 vendiderim
3203 4301 3247 4390 ?
3303 4303 3530 4394 Ecce
3583 4305 3665 4389 in
3726 4303 4122 4421 iniquita-

1031 4699 1541 4787 f,„(=)‚Joann.
1590 4698 1640 4762 1.
1687 4718 1749 4772 9·
1796 4711 1859 4763 et
1900 4717 2080 4788 seqq.
2202 4668 2207 4677 ’
2363 4783 2370 4794 ,
2563 4681 2576 4715 ’
2736 4709 2827 4789 (4)
2877 4705 3188 4770 montald.
3231 4725 3378 4794 pag.
3429 4725 3618 4790 ¹493·

1034 4791 1067 4816 ”⁸
1142 4796 1267 4893 '(2)
1314 4799 1563 4875 Psalm0'
1594 4804 1937 4875 Lxxxm.
1986 4833 2083 4880 ιι.
2539 4853 2546 4859 -
2735 4819 2828 4900 (ς’)
2878 4817 3122 4881 Ibidem
3170 4838 3312 4903 pag·
3364 4837 3470 4895 75·

1252 4923 1354 4986 De
1404 4922 1593 5006 Apol.
1637 4923 1796 5010 Cap.
1840 4924 2073 4992 xvm.
2741 4935 2833 5018 (6)
2884 4929 3134 4998 {bidem
3179 4947 3326 5020 pag.
3379 4935 3567 4997 1600.

1032 5063 1047 5078 ·
1175 5026 1271 5118 (3)
1318 5033 1473 5101 Lue.
1524 5031 1572 5100 1.
1621 5038 1725 5108 68.
2150 5033 2158 5038 ’
3043 5082 3046 5090 .
