4500 6184
1184 481 1347 569 17⁰
1834 513 1841 520 -
1968 480 2077 539 mi
2136 455 2423 545 Cauca
2481 459 3036 550 vam-mmmm
3091 465 3194 553 V.
3259 452 3270 458 ⁵
3989 569 4000 574 ,

1059 595 1464 688 Personae
1522 595 2017 720 allegoricae
2097 634 2308 720 quae
2365 585 3000 720 'repraesentant
3071 609 3475 700 Eccles'ias
3508 627 3544 725 ‚'
3609 615 3704 703 ut
3745 581 4094 710 ‘dictum

1050 762 1250 859 ectr
1298 773 1595 852 earum
1649 749 2775 838 universumSaccrdotium
2849 756 3000 837 hac
3077 757 3174 840 de
3256 786 3498 842 causa
3571 765 4102 873 potissimum

932 933 941 940 ·
1042 908 1726 1000 repraesentant.
1806 891 1964 976 Sed
2024 896 2215 1005 quia
2275 891 2685 978 Ecclesiae
2747 899 3262 982 inducuntur
3335 909 3704 1014 personis
3768 894 4102 997 Mulie-4

1044 1059 1304 1143 tumr,
1368 1027 1727 1150 quibus,
1802 1012 2217 1152 quantum
2256 1042 2566 1123 'attinet
2628 1041 2728 1122 ad
2790 1069 3154 1154 munus,
3230 1033 3450 1128 nihil
3501 1063 3626 1130 est
3685 1034 3878 1133 cum
3943 1050 4100 1135 Sa·-

1044 1179 1513 1266 certioribus
1588 1209 2091 1293 com-munc3
2170 1187 2474 1274 idcirco
2539 1182 2849 1266 Drama
2921 1187 3035 1268 ita
3113 1189 3670 1298 compositum
3747 1206 3927 1300 est,
4002 1205 4098 1276 ut

1048 1327 1673 1442 quae-‘gerenda
1728 1347 1873 1437 per
1922 1324 2409 1409 Sacerdotes
2468 1339 2757 1432 erant,
2823 1353 2920 1406 ea
2981 1331 3702 1441 censeantur.jam
3761 1323 4090 1446 peracta

1052 1500 1275 1555 esse.
1326 1468 1729 1580 ·1ta.fit‚.,
1760 1484 1853 1550 ut
1928 1467 2215 1550 nullus
2279 1462 2854 1553 Sacerdotibus
2913 1468 3008 1549 in
3067 1471 3319 1554 scena
3410 1474 3520 1556 sit
3589 1468 4100 1564 necessarius

1048 1613 1349 1703 locuss
1402 1669 1461 1684 --
1654 1662 1661 1674 ·
1734 1635 1759 1677 -·
3861 1607 3869 1614 ’

1170 1789 1276 1873 19
1362 1751 1633 1838 Pauca
1694 1779 1923 1836 nunc
1969 1754 2067 1836 de
2100 1755 2443 1836 -ratione
2507 1779 2760 1868 quam
2805 1751 3298 1840 declarando
3365 1747 3698 1876 sequuti
3753 1789 4094 1873 sumus,

1046 1905 1390 1993 dicenda
1444 1915 1639 1981 sunt
1674 1958 1692 1978 .
1760 1896 1988 1982 Nam
2050 1911 2369 2006 praeter
2428 1896 3238 2008 animadversiones,
3339 1899 3642 2016 quibus
3699 1921 3844 1990 aut
3895 1934 4100 1990 sen-

1046 2049 1349 2132 tentias
1410 2044 1867 2154 explicare,
1942 2056 2085 2126 aut
2146 2040 2472 2124 criticas
2549 2042 3257 2150 interpretationis
3319 2049 3677 2130 rationes
3757 2048 4102 2131 reddere
4159 2117 4164 2122 .

1038 2195 1397 2280 solemus
1432 2253 1457 2298 ,
1536 2215 1737 2302 quas
1794 2189 1897 2270 ad
1956 2187 2266 2270 calcem
2327 2185 2650 2268 Cantici
2724 2185 3221 2294 rejecimus,
3301 2203 3398 2270 ut
3456 2191 3572 2273 ita
3631 2189 4096 2274 uno‘velut

1043 2335 1341 2420 obtutu
1400 2337 1579 2418 sine
1642 2336 2237 2443 interruptione
2300 2331 2516 2414 illius
2577 2329 3061 2411 oeconomia
3129 2331 3470 2440 perspici
3535 2347 3876 2446 posset2
3947 2361 4090 2414 ar-

1046 2495 1444 2598 gumenta
1516 2478 1839 2580 scenis,
1918 2471 2064 2556 ubi
2137 2501 2472 2557 necesse
2531 2487 2758 2578 erat,
2833 2471 3342 2554 intexuimus
3380 2534 3398 2553 .
3481 2471 3793 2556 Drama
3857 2476 4092 2558 enim

1006 2625 1469 2709 ,divisimus
1542 2624 1637 2702 in
1703 2647 1889 2702 suas
1968 2646 2316 2724 scenas,
2395 2641 2572 2695 non
2645 2614 2737 2694 in
2797 2609 3082 2720 Capita
3135 2675 3160 2720 ,
3231 2631 3326 2696 ut
3387 2630 3510 2698 est
3587 2619 3682 2698 in
3741 2614 4015 2700 Libris
4063 2681 4092 2702 .

1048 2764 1227 2875 Qua
1302 2767 1399 2848 de
1473 2795 1561 2849 re
1630 2765 2067 2847 neminem
2140 2761 2558 2844 volumus·
2604 2786 2781 2840 esse·
2835 2757 3336 2870 sollicitum,
3423 2789 3684 2875 quum
3765 2777 4090 2844 certum

1044 2911 1205 3016 sit,
1268 2910 1635 3018 capitum
1693 2921 1775 2989 et
1829 2931 2224 2989 versuum
2287 2901 2773 3012 partitiones·
2828 2925 3006 2980 non
3065 2929 3111 2983 a
3183 2899 3446 2987 Sacris
3509 2902 4006 2991 Auctoribus
4052 2968 4077 3013 ‚

1040 3053 1185 3136 sed
1256 3050 1593 3134 aliunde
1660 3049 1946 3132 allatas
2019 3075 2248 3128 esse.
2329 3041 2441 3125 At
2511 3069 2678 3156 quo
2750 3039 3066 3125 facilius
3141 3047 3302 3158 qui*
3360 3044 3638 3161 legent
3709 3048 4089 3131 conferre·

1032 3194 1347 3304 possint
1413 3193 1555 3298 (id
1614 3192 1841 3272 enim
1901 3191 2264 3270 maxime
2308 3185 2692 3293 student,
2759 3185 3088 3264 utinam
3153 3215 3345 3268 cum
3395 3185 3809 3286 Hebraico
3871 3222 4088 3308 quo-

1042 3332 1256 3450 que!
1310 3337 1339 3436 )
1418 3337 1809 3418 usitatam
1868 3336 2232 3444 capitum
2311 3348 2391 3414 et
2447 3355 2842 3412 versuum
2915 3329 3536 3412 distinctionem
3596 3333 3768 3414 suis
3827 3335 4084 3414 etiam

1032 3479 1415 3560 numeris
1471 3479 1967 3562 retinuimus
2028 3493 2111 3560 et
2170 3476 2716 3559 indicavimus
2752 3533 2770 3553 .
2821 3468 3155 3555 Praeter
3214 3491 3698 3590 argumenta
3734 3538 3758 3585 ,
3819 3501 4084 3588 quae-

1036 3619 1229 3700 dam
1300 3620 1551 3702 etiam
1628 3621 1883 3708 veluti
1968 3621 2294 3706 monita
2367 3619 2680 3702 Textui
2765 3619 3416 3730 interposuimus
3461 3683 3485 3728 ‚
3579 3647 3787 3733 quae
3879 3617 4080 3733 quid

1036 3776 1325 3876 agatur
1388 3765 1484 3842 in
1538 3791 1785 3846 scena
1847 3767 2340 3848 ostendant.
2393 3757 2619 3843 Haec
2663 3761 2999 3844 diversis
3060 3762 3278 3843 edita
3337 3760 3590 3844 literis
3653 3763 4080 3876 integrum

1039 3903 1527 4019 relinquunt
1580 3905 1953 3989 Textum
1986 3967 2011 3986 .
2096 3902 2389 3987 Breves
2453 3902 2809 4016 denique
2891 3901 3460 3986 adnotationes
3545 3903 3996 4010 adjecimus
4045 3963 4076 4010 ,

1034 4072 1335 4160 easque
1422 4051 1523 4134 ad
1628 4048 2160 4165 intelligenda
2250 4077 2462 4161 quae
2547 4061 2914 4163 aguntur
2993 4053 3638 4158 pernecessarias
3681 4115 3704 4158 ‚
3773 4041 4085 4162 quibus

1034 4221 1243 4308 quae
1303 4193 1541 4279 latius
1604 4196 1695 4278 in
1755 4191 2446 4279 declarationibus
2503 4207 2749 4276 erunt
2806 4193 3418 4302 pertractanda,
3465 4194 3744 4304 paucis
3805 4193 4081 4305 expli-

1040 4351 1475 4418 carentur.
3515 4355 3522 4362 ’

1156 4505 1271 4560 20
1362 4477 1523 4560 His
1578 4509 1675 4564 ea
1736 4487 2059 4562 ratione
2128 4478 2560 4592 propositis
2623 4491 2868 4591 atque
2923 4505 3026 4560 ex
3095 4479 3288 4590 ipsis
3353 4471 3686 4564 Cantici
3746 4481 4085 4565 visceri-

1026 4614 1183 4704 bus
1227 4623 1564 4732 petitis;
1631 4621 1867 4706 facile
1928 4620 2348 4735 apparebit
2405 4623 2660 4705 totius
2718 4625 3111 4708 carminis
3183 4627 3442 4734 ratic,
3507 4620 4082 4736 constabitque

1030 4763 1249 4848 illius
1324 4773 1755 4850 actionem
1822 4795 2275 4879 paucarum
2345 4764 2740 4848 horarum
2813 4795 3045 4877 esse,
3117 4796 3298 4850 non
3371 4785 3686 4881 septem
3761 4771 4082 4852 dierum

1026 4933 1121 4986 ac
1178 4907 1560 4992 noctium
1604 4970 1627 5017 ‚
1692 4923 1792 4993 ut
1846 4907 2268 4994 Calmetus
2331 4907 2770 4996 arbitratus
2830 4927 2990 5000 est.
3060 4911 3318 5022 Cujus
3377 4915 3714 5030 quidem
3781 4915 4086 4999 doctis-

1016 5045 1205 5128 simi
1262 5045 1443 5137 Viri
1512 5051 1607 5135 in
1662 5067 1985 5166 septem
2043 5055 2219 5140 dies
2280 5087 2374 5144 ac
2431 5071 2724 5146 noctes
2785 5053 3112 5146 Cantici
3183 5061 3484 5168 divisio
3555 5055 3762 5146 adeo
3831 5085 3880 5144 a
3937 5053 4077 5139 lit·-
