4500 6184
1180 452 1361 543 360
1758 484 1766 503 τ
1904 470 2015 529 ms.
2066 439 2357 528 Cnucz
2417 440 2966 527 memmm
3019 430 3253 521 VIII.

1180 592 1239 679 8
1329 582 1724 673 Orientali
1789 598 2039 671 vento
2114 578 2548 698 confi-acta
2613 592 2743 663 est
2813 598 3360 690 unaquaeque
3415 569 3760 655 navium
3829 558 4116 655 Thac*

1307 765 1312 773 ·
1424 731 1603 815 sis.

1312 871 1589 957 Vento
1660 870 1971 954 scilicet
2040 897 2131 950 ac
2212 860 2548 949 turbine
2619 854 3296 973 procellosissimo
3365 854 3799 975 permixtis
3857 850 4112 969 gran-⁸·

1075 1015 1271 1097 diue
1302 1075 1326 1122 ,
1390 1014 1563 1129 igni
1594 1075 1621 1123 ‚
1694 1012 2082 1124 sulphure
2114 1071 2139 1119 ,
2215 1039 2378 1125 quo
2451 1004 2850 1123 quidquid
2905 1017 3029 1087 est
3103 1019 3320 1087 terra
3389 1000 3762 1113 marique
3835 1002 4118 1111 copia·-

1078 1184 1270 1241 rum
1324 1151 1805 1237 Antichristi
1862 1150 1964 1237 ab
2024 1152 2199 1263 ipso
2262 1149 2463 1237 Jesu
2519 1147 2846 1230 Christo
2905 1146 3302 1230 evertitur
3335 1204 3364 1255 .,
3410 1138 3775 1225 caeditur
3803 1202 3830 1251 ,
3891 1138 4118 1225 dele-

1076 1315 1215 1383 tur
1256 1358 1277 1379 .
1335 1296 1721 1379 Derides
1794 1295 1893 1377 de
1974 1292 2129 1375 hoe
2195 1289 2820 1375 Antichristiani
2903 1282 3104 1368 belli
3161 1299 3452 1368 ‘contra
3511 1278 3805 1365 Jesum
3887 1281 4120 1365 exitu

1079 1440 1417 1551 loquens
1448 1502 1473 1549 ,
1531 1435 1780 1521 Pluet
1813 1500 1838 1546 ‚
1900 1437 2224 1549 inquit,
2285 1460 2540 1543 super
2575 1428 2630 1515 I
2632 1430 3015 1539 mprobos
3074 1423 3400 1540 laqueis
3439 1486 3464 1531 ,
3525 1422 3755 1537 igni,
3814 1434 3896 1507 et
3933 1418 4122 1506 sul·-

1075 1577 1397 1687 phur-e,
1452 1606 1559 1665 ac
1619 1590 1918 1663 ventus
1970 1560 2723 1686 procellosissimas
2771 1599 2981 1684 pars
3041 1572 3197 1655 erit
3245 1568 3537 1679 poculi
3593 1592 3874 1650 eorum
3939 1568 4112 1675 (1).

1083 1718 1362 1803 Tanta
1418 1750 1607 1804 vero
1647 1716 2249 1831 ‘Improborum
2306 1720 2586 1802 caedes
2645 1716 2922 1798 futura
2985 1726 3108 1795 est
3143 1775 3166 1820 ‚
3211 1726 3310 1795 ut
3371 1734 3666 1793 omnes
3721 1734 3909 1793 aves
3967 1704 4120 1787 ad·-

1079 1862 1491 1943 vocandae
1572 1862 1743 1943 sint
1800 1856 2133 1943 caelitus
2202 1860 2306 1941 ad
2390 1856 2750 1943 voranda
2833 1879 3261 1937 caesorum
3319 1852 3703 1935 cadavera
3735 1909 3756 1932 .
3857 1824 4062 1930 Vidi
4087 1882 4128 1955 ‚-

1084 1999 1359 2113 inquit
1413 1997 1775 2085 Joannes
1808 2063 1833 2111 ,
1908 2026 2161 2081 unum
2221 1997 2646 2113 Angelum
2699 2008 3054 2081 stantem
3116 1994 3196 2076 in
3255 1989 3504 2097 Sole,
3565 2004 3646 2073 et
3703 1988 4118 2077 clamavit

1081 2168 1289 2226 voce
1353 2169 1659 2257 magna
1694 2204 1718 2251 ‚
1760 2138 2039 2226 dicens
2097 2139 2474 2222 omnibus
2536 2136 2938 2244 Avibus,
2985 2162 3200 2249 quae
3259 2134 3660 2217 volabant
3729 2157 3890 2243 per
3945 2157 4126 2215 me-

1082 2274 1307 2363 dium
1364 2282 1683 2367 caelum
1738 2308 1761 2363 ε
1856 2276 2145 2363 Venite
2175 2344 2199 2391 ‚
2287 2295 2368 2364 et
2450 2279 3060 2395 congregamini
3117 2275 3236 2362 ad
3297 2304 3638 2364 coenam
3723 2296 4118 2389 magnam

1082 2404 1247 2505 ‘Dei
1288 2451 1311 2505 ε
1398 2434 1487 2504 ut
1572 2419 2086 2509 manducetis
2166 2450 2460 2508 carnes
2523 2420 2843 2539 Regum
2879 2486 2904 2531 ,
2963 2435 3044 2506 et
3126 2406 3416 2507 carnes
3481 2416 4040 2503 Tribunatum
4085 2478 4118 2526 ,

1083 2574 1165 2645 et
1222 2590 1509 2649 carnes
1566 2563 1947 2649 Fortium
1982 2630 2007 2679 ,
2068 2580 2149 2651 et
2206 2594 2520 2653 carnes·
2551 2542 2945 2679 equorum
3001 2576 3082 2647 et
3137 2536 3615 2649 Sedentium
3677 2561 3760 2643 in
3837 2561 4044 2669 ipsis
4087 2624 4118 2671 ,

1080 2715 1163 2786 et
1218 2730 1505 2789 carnes
1562 2707 1923 2791 omnium
1984 2706 2464 2793 Liberorum
2495 2750 2532 2821 ,·
2581 2722 2660 2791 et
2701 2708 3146 2794 Servorum
3181 2770 3204 2815 ‚
3263 2719 3344 2790 et
3401 2701 3928 2789 Pusillorum
3963 2762 3991 2811 ,
4039 2710 4122 2783 et

1080 2842 1599 2961 Magnorum
1634 2908 1657 2931 .
1714 2846 1833 2931 Et
1893 2838 2484 2933 vidi'Bestiam
2521 2912 2548 2957 ‚
2599 2861 2684 2933 et
2723 2846 2992 2962 Reges
3053 2862 3318 2933 terrae
3371 2860 3456 2930 et
3505 2844 3931 2931 exercitus
3974 2866 4124 2925 eo·-

1080 3015 1266 3070 rum
1330 3002 1869 3103 congregatos
1940 2984 2055 3073 ad
2088 2984 2574 3099 faciendum
2635 2989 3046 3101 praelium
3117 3016 3308 3075 cum
3395 2988 3534 3071 illo
3589 2984 3860 3095 (Jesu
3932 2980 4124 3065 Cri-

1084 3133 1267 3235 sto)
1325 3130 1472 3242 qui
1528 3127 1863 3213 sedebat
1923 3127 2004 3211 in
2064 3153 2273 3239 equo
2307 3192 2332 3236 ‚
2421 3140 2502 3210 et
2555 3155 2741 3215 cum
2801 3129 3176 3213 exercitu
3235 3129 3416 3233 ejus
3483 3132 3601 3237 (2)
3652 3189 3672 3210 .
3761 3122 3884 3211 Et
3951 3151 4117 3235 ap-

1072 3268 1486 3379 prehensa
1542 3281 1668 3351 est
1726 3264 2011 3352 Bestia
2042 3326 2069 3375 ,
2127 3282 2207 3352 et
2263 3296 2454 3355 cum
2524 3297 2621 3353 ea
2685 3265 3432 3379 Pseudopropheta
3495 3330 3849 3355 .....
3921 3256 4126 3349 Vivi

1082 3412 1325 3495 missi
1379 3426 1574 3496 sunt
1629 3413 1722 3497 hi
1770 3412 1938 3498 duo
2004 3412 2087 3497 in
2144 3428 2534 3529 stagnum
2593 3412 2806 3525 ignis
2865 3410 3226 3497 ardentis
3287 3412 3685 3520 sulphure
3729 3470 3749 3491 .
3807 3403 3930 3490 Et
3979 3434 4124 3491 ce·-

1081 3557 1236 3641 teri
1302 3554 1560 3641 occisi
1613 3567 1832 3639 sunt*
1882 3556 1965 3637 in
2017 3555 2304 3671 gladio
2366 3556 2738 3643 sedentis
2795 3582 3050 3665 super
3103 3583 3403 3670 equum
3438 3618 3462 3665 ‚
3536 3551 3683 3668 qui
3743 3548 4124 3659 procedit

1083 3697 1187 3783 de
1258 3724 1395 3780 ore
1477 3695 1811 3805 ipsius:
1900 3708 1979 3779 et
2062 3723 2340 3793 omnes
2411 3696 2658 3781 Aves
2729 3708 3164 3781 saturatae
3245 3708 3441 3780 sunt
3522 3695 3911 3782 carnibus
3975 3718 4124 3777 eo·-

1087 3865 1269 3925 rum
1344 3842 1457 3946 (3)
1511 3898 1529 3919 .
1622 3835 1846 3919 Haec
1903 3840 2266 3921 terrestri
2327 3836 2632 3947 praelio
2663 3900 2690 3947 ‚
2753 3864 2914 3949 quo
2980 3836 3246 3953 Reges
3307 3832 3820 3922 ev'anuerunt
3850 3897 3871 3919 .

1120 4076 1131 4083 ,
1328 3976 1489 4063 Sed
1546 3976 1683 4058 illo
1742 3979 1914 4089 ipso
1969 3979 2348 4063 orientali
2388 3993 2632 4063 vento
2679 3978 3110 4091 confracta
3163 3994 3288 4065 est
3347 4004 3890 4095 unaquaeque
3946 4000 4108 4059 na-

1084 4119 1316 4205 vium
1389 4116 1743 4206 Tharsis
1790 4150 1813 4207 :
1854 4134 2139 4218 vento
2196 4123 2503 4208 scilicet
2559 4124 2814 4209 flante
2873 4119 2976 4209 ab
3033 4123 3344 4207 oriente
3377 4184 3402 4235 ‚
3465 4122 3571 4206 ad
3627 4148 3876 4236 quam
3939 4116 4116 4231 pla·-

1174 4448 1269 4529 (ι)
1318 4446 1547 4513 Psalm.
1592 4447 1710 4513 xl.
1753 4455 1813 4513 6.
1860 4448 1924 4513 in
1970 4448 2161 4533 Apol.
2202 4448 2562 4547 Cap-XIX.
2647 4452 2772 4517 erit
2829 4460 2938 4517 tux
2979 4456 3416 4535 splendorum,
3457 4464 3526 4516 et
3582 4444 4059 4516 condensationis
4087 4482 4108 4507 .

1178 4561 1273 4641 (2)
1323 4558 1455 4639 Qui
1499 4556 1811 4623 exereitus
1852 4558 2165 4623 conflatus
2208 4561 2324 4627 etit
2369 4562 2585 4629 omni·
2665 4566 2788 4629 Sed
2825 4564 2950 4629 erit
2989 4566 3122 4629 dies
3165 4587 3284 4629 una
3343 4568 3371 4646 (
3407 4586 3484 4628 ea
3519 4578 3875 4649 agnoscetur
3913 4553 4122 4623 Domi-

1094 4666 1214 4731 bus
1282 4665 1537 4754 Angelis
1568 4708 1591 4740 ‚
1653 4654 2084 4754 omnibusque
2148 4670 2387 4735 sanctis
2449 4670 2562 4759 qui
2647 4674 2712 4736 ni
2733 4670 2754 4739 2
2794 4678 2818 4755 >
2879 4692 3000 4736 non
3041 4676 3208 4745 dies,
3255 4696 3440 4761 neque
3481 4696 3611 4740 nox
3657 4714 3681 4747 ,
3741 4677 3854 4738 sed
3891 4678 4004 4737 lux
4041 4674 4120 4737 ad

1094 4790 1245 4841 tunc
1289 4791 1475 4841 erunt
1538 4776 1597 4841 in
1644 4780 1793 4844 caeli
1840 4778 2020 4846 beata
2064 4782 2211 4845 sede
2241 4826 2263 4848 .
2331 4788 2421 4848 Ac
2460 4807 2571 4850 ve-
2653 4802 2892 4869 tempus
2929 4786 3054 4851 erit
3091 4789 3508 4871 vespertinum
3535 4827 3555 4851 .
3620 4784 3886 4851 Zachar-
3927 4778 4099 4848 XIV·

1090 4888 1225 4953 niet
1265 4892 1557 4956 Domitius
1596 4896 1757 4961 Deus
1800 4916 2015 4959 meus:
2082 4898 2301 4993 Omnes
2339 4900 2554 4963 Sancti
2645 4914 2703 4977 ς.
2737 4910 2854 4963 etc.
2893 4896 2966 4961 In
3012 4896 3283 4985 Apolog.
3321 4896 3476 4982 Cap.
3509 4894 3714 4961 xxu.
3743 4892 3851 4963 ubi
3896 4890 4072 4956 vide·

1088 5015 1289 5065 tecum
1325 5000 1557 5069 erum!
1620 5007 1760 5070 Erit
1799 5022 2005 5099 autem
2046 5007 2161 5071 illa
2202 5008 2308 5073 die
2335 5030 2356 5073 ε
2399 5006 2550 5075 Non
2721 5010 2816 5093 (ς)
2865 5010 3062 5097 Apoc·
3105 5008 3281 5077 xlx,
3327 5027 3442 5087 ⁸7·
3486 5024 3674 5093 seqq·
