4500 6184
1366 388 2020 479 PsAzmus
2117 386 2423 483 XLV.
3138 402 3317 515 293

391 563 552 623 nus
609 554 860 645 tuus,
927 520 1157 645 Dee‚'
1237 553 1674 648 perpetuus
1751 568 1842 621 ac
1899 542 2641 649 sempiternus-est
2689 601 2709 620 .
2800 538 3229 651 Sceptrum
3290 570 3425 622 re-

401 683 866 765 ctissimum
925 692 1051 761 est
1121 695 1536 789 sceptrum
1597 680 1826 794 regni
1885 681 2063 761 tui.
2151 680 2202 765 8
2290 680 2587 796 Ditigis
2642 683 3098 793 justitiam,
3174 686 3408 768 odio-

397 854 556 938 que
619 821 866 907 habes
929 818 1542 931 improbitatem
1576 882 1595 903 .
1662 820 1920 931 Super
1976 822 2319 905 Trunco
2374 826 2617 906 unxit
2674 839 2810 932 te,
2874 822 3046 905 Dee
3080 890 3104 934 ‚
3199 823 3431 909 Deus

402 985 598 1050 tuus
675 978 1102 1077 unguento
1175 960 1527 1045 laetitiae
1607 992 1654 1043 a
1723 963 1960 1043 sociis
2021 966 2183 1045 tuis
2254 964 2754 1048 manaturo!
2851 991 2907 1076 9
2990 953 3351 1079 Myrrha
3396 1027 3424 1075 ‚

391 1110 660 1220 inquit
693 1170 717 1216 ‚
769 1120 852 1187 et
897 1103 1209 1188 Santali
1241 1168 1264 1214 ‚
1313 1106 1572 1188 casiae
1615 1118 1850 1187 erunt
1921 1107 2201 1190 omnia
2243 1109 2728 1190 indumenta
2771 1122 2911 1189 tua
2943 1170 2969 1218 ,
3016 1109 3112 1189 de
3157 1106 3421 1191 Tem-

393 1247 550 1359 plis
615 1246 996 1332 eburneis
1045 1246 1472 1368 profhetae
1556 1245 1659 1330 ab
1715 1248 1842 1331 his
1905 1252 2042 1361 qui
2099 1266 2179 1332 te
2258 1247 2831 1333 exhilarabunt
2865 1308 2883 1329 .
2983 1271 3083 1330 ιο
3175 1244 3427 1333 Filiae

397 1417 688 1504 regum
750 1403 988 1473 erunt
1049 1392 1268 1473 inter
1327 1418 1548 1473 caras
1610 1403 1795 1475 tuas
1839 1419 1864 1471 ε
1945 1388 2244 1475 astabit
2307 1390 2919 1503 Regia-conjux
2979 1389 3083 1471 ad
3140 1390 3430 1473 dexte·-

389 1562 574 1615 ram
633 1548 874 1616 tuam
918 1531 1014 1613 in
1067 1560 1270 1615 auro
1317 1532 1654 1642 Ophirio
1713 1534 2151 1643 purissimo
2185 1591 2202 1612 .
2274 1557 2367 1615 11
2448 1528 2720 1640 Audi,
2788 1528 3045 1639 Filia,
3091 1529 3426 1642 dicam3

399 1690 483 1757 et
544 1674 810 1782 aspice
847 1734 872 1780 ‚
938 1686 1018 1753 et
1095 1654 1403 1755 aurem'
1433 1684 1668 1755 tuam
1743 1672 2106 1779 inclina3
2196 1684 2278 1753 et
2336 1668 2807 1755 obliviscere
2869 1670 3157 1783 Populi
3227 1673 3421 1767 tui,

409 1831 494 1899 et
567 1816 858 1896 domus
945 1814 1192 1923 patris
1264 1815 1425 1895 tuis
1473 1871 1495 1893 .
1587 1840 1702 1897 12
1778 1810 1888 1893 Et
1969 1808 2383 1894 adamabit
2442 1812 2623 1896 Rex
2686 1814 3059 1895 decorem
3116 1828 3357 1897 tuum
3402 1812 3427 1864 ³

393 1984 601 2039 nam
683 1956 851 2063 ipse
920 1952 1340 2037 Dominus
1400 1969 1594 2037 tuus
1673 1966 1856 2063 θεῖς
1934 1952 2100 2059 jam
2169 1952 2409 2035 illum
2494 1955 2735 2037 adora
2770 2015 2789 2035 .
2888 1956 3013 2058 15„
3074 1953 3183 2037 Et
3264 1957 3431 2039 filia

392 2095 624 2211 Tyri
679 2122 872 2176 cum
927 2122 1280 2178 munere
1341 2092 1662 2177 aderit:
1723 2093 2050 2177 vultum
2109 2107 2355 2176 tuum
2414 2065 3071 2203 deprecabuntisr
3126 2097 3419 2180 divites

397 2236 586 2340 ejus
647 2236 978 2346 populi.
1061 2238 1172 2335 14
1252 2234 1472 2319 Tota
1527 2228 2032 2317 honorabilis
2091 2233 2244 2315 erit
2308 2230 2515 2317 Filia
2562 2234 2813 2350 Regis
2876 2224 3427 2347 intrinsecusg

401 2404 502 2457 ex
564 2379 1036 2461 intertextis
1097 2406 1294 2461 auro
1352 2377 1503 2462 erit
1562 2380 1810 2462 vestis
1869 2376 2082 2461 illius
2119 2436 2138 2457 .
2232 2371 2343 2460 15
2430 2375 2535 2461 In
2610 2378 2996 2491 acupictis
3068 2375 3436 2463 vestibus

394 2519 859 2602 adducetur
921 2521 1030 2601 ad
1075 2518 1444 2635 Regem:
1490 2518 1874 2634 Virgines
1933 2544 2147 2627 pone
2185 2518 2467 2627 ,ipsam
2516 2519 2798 2607 Sociae
2857 2521 3113 2633 ipsius
3150 2530 3431 2627 erunt,

401 2660 512 2743 ad
569 2656 700 2743 Te
760 2660 1157 2749 adductae-
1187 2720 1210 2741 .

1569 2934 1946 3059 Virgines
1999 2940 2230 3027 solae
2262 2999 2289 3025 0

536 3224 680 3316 16,
731 3218 1275 3310 Adducantur
1315 3249 1510 3311 cum
1553 3229 1870 3343 gaudiis
1913 3245 1993 3311 et
2037 3226 2535 3321 exultatione
2576 3227 2597 3309 i
2649 3230 2991 3312 veniant
3032 3224 3121 3308 in
3160 3222 3251 3311 T
3250 3249 3440 3307 ern-

408 3364 649 3476 plum
707 3362 972 3480 Regis
1021 3365 1044 3447 Ξ

1007 3638 1280 3729 Filiae
1319 3638 1952 3763 Hierosolymae
2007 3642 2126 3733 acl
2159 3642 2847 3735 Stelammiiham.

547 3952 649 4037 17
741 3920 970 4012 Loco
1030 3942 1360 4049 pat-rum
1415 3936 1752 4014 tuorum
1796 3946 2039 4014 erunt
2091 3929 2238 4013 filii
2295 3932 2471 4015 tui:
2520 3958 2655 4015 eos
2699 3926 3147 4011 constitues
3201 3922 3443 4035 prins·

423 4068 638 4181 cipes
695 4071 793 4151 in
841 4072 1229 4155 universa
1292 4088 1506 4155 terra
1539 4126 1562 4153 .

1515 4342 2072 4443 Βιιῑαηυηίΐῆα
2129 4348 2313 4441 sola
2336 4402 2365 4437 ,ι

415 4710 441 4721 “
553 4665 658 4754 18
759 4654 1098 4751 Memor
1179 4656 1340 4749 sim
1386 4665 1792 4747 -nominis
1868 4664 1999 4744 tui
2078 4662 2174 4742 in
2225 4650 2489 4742 'omni
2573 4670 2834 4739 aetate
2918 4680 3017 4737 ac
3094 4644 3427 4737 aetate!

429 4804 681 4892 Juxta
722 4805 1169 4895 Truncum
1208 4806 1342 4891 Te
1403 4805 1679 4921 populi
1723 4798 2136 4889 celebrent
2194 4802 2285 4884 in
2328 4815 2829 4913 ‘perpetuum
2871 4824 2967 4879 ac
3021 4796 3115 4877 in
3168 4809 3439 4878 aeter-

433 4972 644 5033 num
690 4948 712 5031 1
