4500 6184
1383 420 2024 513 Psxnmns
2128 420 2433 517 XLV.
3154 454 3323 549 297

397 574 748 686 quidem·
815 573 1348 681 necessario,
1401 598 1699 686 uquam
1781 571 1958 657 aliis
2032 569 2480 665 verborum
2568 572 2905 669 vocibus
2994 591 3369 660 carerent
3398 594 3434 697 ΣΕ

386 738 600 825 quae
659 714 1050 831 loquendi
1113 718 1317 800 ratio
1379 718 1512 799 hic
1573 748 1622 799 a
1667 713 2111 806 Salomone
2175 712 2543 799 adhibita
2606 732 2730 800 est
2764 778 2781 797 .
2833 716 3219 801 Latinius
3284 721 3443 801 dici

403 852 886 968 debuisset,·
949 840 1416 943 meditantis
1452 919 1460 929 .
1499 858 1729 941 mei:
1827 854 1988 942 Sed
2055 850 2349 938 melius
2423 869 2606 967 est,
2682 860 2955 969 inquit
3022 861 3439 969 praeclare

393 998 908 1116 Augustinus
939 1064 965 1113 ‚
1027 1016 1122 1085 ut
1174 1004 1532 1089 clament
1579 999 2168 1117 grammatici,
2243 1026 2497 1112 quam
2576 1012 2665 1080 ut
2725 1022 2891 1083 non
2970 998 3436 1117 intelligant

385 1142 690 1254 populi
721 1204 738 1222 .

397 1318 426 1379 ·.
515 1284 1006 1395 Opemmea
1063 1286 1168 1373 cle
1209 1288 1490 1407 Rege,
1535 1284 2003 1375 Sermonem
2045 1310 2319 1369 meum
2378 1282 2663 1370 celeris
2707 1276 3157 1391 Scriptoris
3202 1284 3433 1395 stylo
3489 1338 3501 1347 -

750 1447 1233 1517 exaratum.

627 1572 868 1683 Quod
921 1589 1042 1657 est
1098 1588 1287 1657 ante
1333 1578 1614 1659 omnia
1671 1574 1804 1657 hic
1845 1568 2749 1681 animadvertendum,
2808 1583 2929 1653 est
2991 1560 3435 1656 continua-

386 1718 506 1799 tio
564 1716 1079 1826 sententiae3
1127 1744 1333 1829 quae
1375 1743 1640 1827 quum
1679 1742 1854 1798 una
1911 1714 2067 1797 hoc
2125 1726 2580 1815 toto-versu
2624 1714 2729 1794 sit
2762 1774 2786 1823 ‚
2832 1738 3017 1795 eam
3064 1708 3430 1822 Septua-

387 1857 618 1969 ginta
657 1858 986 1941 induas
1035 1857 1486 1941 diviserunt
1541 1852 1648 1938 oh
1693 1850 2147 1939 adhibitam
2187 1854 2405 1935 vocis
2474 1832 2647 1961 tw}
2719 1855 3431 1969 significationem

383 1998 762 2111 linguae,
811 2030 1017 2115 quae
1061 2030 1238 2083 non
1277 1992 1600 2086 videtur
1659 1986 1900 2109 hujus
1961 1999 2119 2081 loci
2166 2024 2379 2080 esse.
2430 1996 2661 2082 Nam
2722 2028 2817 2081 ea
2860 2028 3025 2082 vox
3076 2028 3235 2083 non
3282 2026 3431 2083 so-

385 2136 610 2248 lum,
641 2141 912 2254 inquit
941 2138 1474 2253 Montaldus‚
1507 2142 1956 2226 membrum
1999 2138 2371 2246 corporis
2422 2137 2853 2253 (linguam
2880 2144 2909 2245 >
2937 2205 2959 2253 ‚
2988 2138 3139 2224 secl
3178 2143 3429 2227 eiiam

381 2280 804 2399 significat
877 2310 1330 2367 sermonem
1399 2290 1516 2393 (1)
1572 2347 1592 2368 .
1667 2286 1845 2395 Qua
1887 2284 2259 2396 -quidem‘
2322 2280 2929 2396 significatione
2987 2287 3211 2368 idem
3286 2308 3435 2365 va·-

387 2416 504 2503 let
573 2435 817 2535 atque
897 2418 1398 2510 Graecorum
1477 2426 1712 2546 λόγος
1761 2490 1784 2535 ,
1864 2452 2126 2539 quum
2184 2426 2271 2509 hi
2334 2427 2435 2508 de
2498 2428 2987 2537 conscriptis
3051 2423 3433 2535 operibus

387 2566 900 2680 loquuntur.
991 2569 1442 2655 Communi
1515 2576 1741 2653 enim
1809 2574 2150 2653 nomine
2215 2570 2493 2689 λέγους
2582 2572 2737 2654 hoc
2808 2587 2927 2655 est
2997 2568 3429 2654 Sermones

385 2712 798 2821 appellant
829 2774 850 2795 .
915 2710 1196 2829 Itaque
1260 2714 1656 2799 Salomon
1713 2715 1844 2797 hic
1905 2714 2100 2797 facit
2157 2714 2379 2829 quod
2432 2714 2701 2798 solent
2756 2720 3189 2827 scriptores
3252 2714 3431 2801 He·-

385 2846 612 2935 hraei
648 2916 671 2961 ‚
736 2856 879 2967 qui
939 2882 1118 2939 rem
1175 2886 1436 2940 unam
1495 2854 1811 2940 duobus
1871 2858 2134 2940 modis
2195 2873 2291 2941 ut
2344 2860 2801 2969 plurimum
2866 2860 3228 2943 efferunt
3260 2927 3284 2972 ‚
3350 2871 3436 2947 et

389 2998 832 3105 posteriore
912 2994 1290 3079 membro
1367 2998 1778 3108 explicant
1843 2998 1930 3080 id
2005 3000 2226 3112 quod
2298 3004 2729 3110 praecessit
2760 3061 2780 3084 .
2870 2999 3431 3111 Quamobrem

385 3162 656 3250 quum
706 3139 974 3248 priore
1034 3134 1412 3220 membro
1473 3140 2197 3223 commemorasset
2251 3154 2529 3249 opera'·
2563 3168 2727 3225 sua
2784 3140 2886 3225 de
2929 3138 3155 3257 Rege
3186 3206 3212 3255 ‚
3272 3142 3431 3225 hoc

391 3279 742 3389 explicat
799 3308 1208 3393 quaenam
1265 3278 1404 3362 illa
1463 3306 1702 3390 opera
1753 3280 1979 3389 sint·,
2017 3282 2353 3366 addens
2414 3280 2887 3367 Sermonem
2952 3312 3221 3367 meum
3284 3312 3433 3371 ee·-

385 3418 582 3506 leris
663 3421 1124 3529 scriptoris‘
1175 3420 1400 3533 stylo
1444 3482 1452 3488 -
1491 3436 1984 3504 exaratum:
2035 3420 2230 3505 {hoc
2290 3438 2413 3521 est
2482 3422 2622 3508 illa
2682 3454 2924 3535 opera
2984 3454 3191 3539 quae
3252 3428 3421 3538 ipse

392 3562 866 3673 prophetico
925 3560 1250 3643 afflatus
1323 3562 1614 3670 spiritu
1685 3546 2245 3676 tachygrapho
2320 3562 2701 3673 scriptori
2772 3567 3067 3650 dictavi
3102 3627 3122 3648 .
3197 3564 3433 3651 Nam

390 3708 496 3787 ad
551 3704 750 3787 haec
809 3703 1641 3813 scripto'excipienda
1697 3700 2226 3785 velocissimo.
2269 3730 2469 3814 opus
2532 3722 2705 3790 erat
2762 3710 3157 3821 scriptore
3194 3771 3215 3794 .
3271 3710 3438 3820 Qui

391 3848 623 3943 enim
681 3847 1188 3955 hujusmodi.
1231 3874 1473 3958 opera
1529 3847 1834 3956 dictat,
1913 3848 1984 3927 is
2041 3873 2318 3928 moras
2391 3876 2565 3929 non
2628 3848 2821 3931 facit
2852 3912 2877 3959 ,
2952 3867 3047 3934 ut
3108 3850 3229 3935 illi
3290 3852 3430 3968 qui

390 4014 566 4070 non
613 3992 890 4076 divina
954 3993 1319 4101 dictant,
1383 3994 1522 4101 sed
1579 4020 1729 4075 sua
1760 4050 1780 4071 .
1830 3989 1942 4073 Hi
1987 4013 2350 4102 namque
2408 4005 2651 4072 antea
2698 3984 2983 4074 secum
3043 3994 3194 4103 ipsi
3238 4024 3429 4107 per-

389 4132 756 4243 pendant
795 4150 1138 4247 oportet
1197 4138 1392 4248 quid
1455 4152 1536 4219 et
1593 4136 2004 4248 quomodo
2046 4132 2377 4239 dicant,
2428 4147 2509 4213 et
2563 4159 2801 4241 saepe
2858 4150 3173 4219 vertere
3232 4154 3427 4254 sty-

389 4272 572 4357 lum
643 4270 936 4381 jubent
979 4305 1004 4357 ε
1085 4306 1440 4391 quoru-m
1511 4280 1723 4364 nihil
1781 4278 2076 4367 afflatis
2135 4276 2527 4359 divinitus
2598 4274 3123 4386 scriptoribus
3202 4281 3425 4361 acci-

395 4421 518 4503 dit
547 4477 568 4498 .
633 4414 888 4532 Cujus
949 4418 1066 4502 rei
1125 4422 1354 4503 testis
1413 4436 1535 4503 est
1591 4416 1806 4529 apud
1863 4416 2310 4501 Jeremiam
2366 4414 2781 4500 Baruchus
2814 4479 2838 4527 ‚
2920 4419 3059 4531 qui
3121 4418 3418 4504 docens

395 4580 558 4667 quo
613 4560 864 4645 modo
901 4562 1374 4676 scripsisset·
1413 4589 1616 4679 quae
1657 4560 1705 4647 J
1711 4562 2054 4650 eremias
2112 4559 2232 4643 illi
2290 4563 2737 4649 dictaverat
2765 4623 2790 4675 ‚
2837 4556 2994 4647 Ea:
3054 4587 3235 4675 ore,
3282 4560 3423 4645 in·-

2201 4730 2385 4821 pp.

288 2712 328 2725 κ

1615 4822 1660 4832 ——n

329 5028 340 5040 .
487 4980 582 5063 (ι)
627 4978 788 5068 Pag.
831 4984 984 5060 614·
1041 5043 1054 5061 ,
1149 5050 1162 5061 ,
