4500 6184
1209 477 1388 573 256
1663 584 1668 591 .
1845 480 1867 557 ’.
1999 504 2108 562 Μ
2167 473 2448 565 Cauca
2506 476 3057 564 erxcmm'm
3134 468 3245 562 V.

1213 630 1325 727 14
1406 618 1736 709 Manus
1799 620 1980 725 ejus
2039 624 2332 706 annuli
2389 639 2589 706 sunt
2642 624 2880 706 aurei
2935 622 3227 732 repleti
3282 612 3651 731 ,narsis
3684 606 3715 700 .’

1150 866 1164 877 „
1329 765 1510 863 Hoc
1570 779 1693 848 est
1747 779 1924 847 tam
1977 760 2379 847 formosae
2412 827 2435 874 ,
2513 784 2766 876 quam
2824 764 3141 863 annuli⁸
3184 761 3415 845 aurei
3480 760 4073 876 elegantissimi
4114 825 4155 890 ,-

1093 908 1372 1023 quales
1427 910 1520 988 in
1577 902 1782 990 urbe
1841 904 2182 988 Tharsis
2245 902 2707 1014 fabrefieri,
2772 903 3283 1018 gemmisque
3346 904 3738 1015 compleri
3805 904 4079 992 solent
4111 990 4139 1011 ‚‚

1091 1050 1224 1159 Ad
1295 1050 1518 1133 hunc
1587 1047 1866 1130 locum
1936 1044 2136 1127 haec
2219 1061 2455 1127 notat
2526 1040 3081 1128 Montaldus:
3161 1040 3716 1159 Septuaginta
3798 1058 4139 1145 vertunt

1072 1198 1460 1312 ῃμυταὶ,
1546 1186 1962 1306 Vulgatus
2024 1190 2447 1274 tornatiles
2484 1248 2503 1271 .
2590 1184 2913 1272 Eadem
2986 1200 3262 1271 autem
3324 1184 3573 1291 dictio
3608 1249 3633 1294 ,
3710 1212 3929 1299 quae
3986 1212 4139 1293 ac·-

1097 1340 1354 1423 currit
1411 1332 1658 1419 Esth.
1699 1364 1774 1421 1.
1819 1334 2033 1429 ωδ.
2092 1332 2645 1449 Septuaginta
2702 1346 2827 1417 est
2885 1340 3093 1443 κύβοι
3130 1396 3155 1445 ,
3220 1331 3471 1443 cubi,
3540 1328 3906 1443 Vulgata
3968 1332 4139 1416 cir-

1093 1468 1268 1571 culi
1297 1544 1318 1565 .
1377 1481 1565 1565 Alii
1619 1479 2050 1595 utrobique
2105 1480 2437 1563 vertunt
2496 1477 2786 1589 orbes;
2847 1473 3153 1562 Ioanni
3166 1492 3175 1504 '
3204 1473 3523 1561 Simoni
3606 1456 3857 1584 0’5‘27?
3938 1490 4139 1561 sunt

1093 1656 1414 1740 semper
1499 1626 1838 1735 annuli3
1921 1622 2142 1709 unde
2213 1623 2778 1734 arbitrantur,
2848 1621 3489 1734 explicationem
3566 1624 3805 1713 vocis
3890 1600 4135 1729 fl’i’ff’?

1089 1804 1248 1891 per
1303 1758 1698 1860 volubiles
1731 1833 1756 1879 ,
1793 1768 2130 1882 sbrmae
2188 1769 2373 1873 ejus
2422 1794 2889 1881 ⁸repugnat-e
2954 1764 3135 1875 (1).

1345 1910 1704 2019 Tharsis
1766 1940 2080 1995 nomen
2135 1927 2254 1995 est
2312 1927 2399 1996 et
2454 1941 2875 2027 gemmae,
2942 1926 3025 1995 et
3080 1915 3347 2028 gentis
3390 1942 3539 1998 seu
3594 1919 3945 2033 regionis
3980 1980 4005 2029 ,
4054 1934 4145 2003 et

1103 2057 1464 2143 Oceani.
1515 2051 1674 2138 Sed
1731 2080 1938 2166 quae
1997 2080 2325 2167 gemma
2356 2116 2379 2163 ,
2427 2081 2631 2165 quae
2692 2054 2887 2168 gens
2934 2054 3260 2168 regiove
3305 2054 3412 2137 sit
3442 2118 3468 2164 ,
3512 2056 3955 2168 multiplex
4012 2080 4139 2148 est

1083 2196 1658 2310 'Interpretum
1699 2197 2108 2277 sententia
2132 2258 2157 2306 ‚
2191 2212 2274 2279 et
2314 2199 2531 2311 quod
2574 2201 2837 2313 magis
2878 2199 3175 2311 cuique
3220 2200 3565 2309 arridet,
3605 2200 3809 2283 illud
3851 2202 4133 2315 sequi-

1103 2336 1574 2425 tur.Nohis
1615 2365 1926 2421 nomen
1969 2332 2196 2429 urbis
2237 2340 2511 2421 visum
2554 2355 2676 2421 est
2716 2340 3024 2449 aptius,
3060 2338 3403 2447 alicujus
3446 2341 3755 2425 scilicet
3798 2372 4131 2465 earum,

1099 2484 1300 2599 quas
1343 2479 1467 2563 illi
1507 2497 2170 2595 commemorant
2201 2544 2226 2593 ,
2272 2483 2443 2564 sive
2482 2476 2679 2563 urbs
2722 2476 3107 2562 Judaeae‘
3144 2481 3561 2564 orientalis
3612 2484 3918 2599 fuerit,
3960 2491 4131 2574 sive

1095 2624 1205 2711 sit
1245 2622 1682 2707 Tartessus
1731 2604 2177 2734 Hispaniae
2208 2684 2234 2732 ,
2286 2636 2427 2707 aut
2468 2622 2782 2706 Tarsus
2831 2621 3208 2734 Ciliciae,
3257 2622 3881 2710 autTunetum
3912 2692 3939 2740 ,
3984 2644 4127 2713 aut

1098 2762 1505 2881 Carthago
1561 2760 1807 2847 urbes
1868 2760 2243 2873 Africae3
2307 2792 2467 2876 qua
2526 2765 2625 2847 de
2684 2792 2766 2846 re
2824 2792 3321 2877 magnopere
3379 2792 3553 2846 non
3610 2794 3903 2850 sumus
3957 2769 4125 2853 sol-

1093 2912 1352 3001 liciti.
1415 2906 1908 3020 Quanquam
1965 2932 2110 3017 pro
2167 2902 2375 2988 urbe
2431 2906 2725 2989 veteris
2788 2900 3301 2987 Phoenicum
3376 2904 3741 2992 coloniae
3773 2971 3798 3019 ,
3877 2940 4127 3025 quam

1099 3048 1389 3135 Graeci
1437 3042 1889 3130 Tartesson
1925 3108 1948 3155 ,
2013 3048 2166 3157 ipsi
2213 3044 2660 3130 Phoenices
2710 3044 3067 3129 Tharsis
3114 3044 3629 3160 appellabant
3656 3113 3683 3161 ,
3734 3054 4137 3137 standum.

1101 3221 1272 3282 esse
1345 3185 1929 3273 arbitraremur
1975 3246 1996 3267 .
2085 3186 2243 3295 Qui
2304 3188 2503 3270 haec
2564 3188 2963 3271 curiosius
3026 3190 3458 3301 inquirunt
3487 3254 3515 3301 ,
3590 3192 3883 3275 adeant
3966 3190 4123 3298 In-

1097 3347 1488 3447 terpretes
1522 3393 1547 3442 ,
1617 3342 1700 3413 et
1755 3324 2297 3411 Montaldum
2365 3329 2725 3411 invisant
2788 3335 2960 3433 (2).
3028 3328 3183 3437 Qui
3244 3359 3438 3415 vero
3496 3360 3927 3446 gemmam
3982 3338 4123 3417 in...

1095 3460 1482 3593 telligere‘
1517 3470 1906 3578 malunt,
1973 3484 2055 3550 et
2113 3468 2206 3549 in
2266 3496 2357 3549 ea
2416 3495 2504 3549 re
2546 3467 3002 3601 Vulgatum
3062 3474 3290 3583 sequi
3326 3534 3353 3583 ,
3412 3477 3679 3563 sciant
3720 3503 3871 3559 nos
3928 3502 4123 3587 pro·-

1089 3632 1365 3730 pterea
1417 3642 1710 3697 vocem
1765 3612 2032 3723 ipsam
2089 3606 2531 3693 hebraeam
2590 3616 3023 3699 retinuisse
3056 3678 3078 3723 ,
3145 3644 3253 3699 ne
3308 3619 3395 3699 id
3454 3621 3643 3728 ipsis
3702 3620 4121 3703 invidere-

1097 3787 1290 3843 mus
1333 3790 1360 3869 ς
1441 3758 1662 3873 quod
1733 3758 1983 3839 etiam
2059 3752 2591 3869 Septuaginta
2676 3758 3043 3841 fecerunt
3075 3768 3125 3865 ,’
3188 3758 3727 3880 strupo-uim
3787 3770 4059 3884 Θιρσὶς
4088 3820 4119 3865 ,

1093 3904 1452 4016 repletae
1517 3896 1874 3983 Tharsis
1907 3958 1928 3979 .
1994 3896 2216 4006 Quae
2273 3916 2733 4011 sequuntur
2791 3930 2963 3985 non
3026 3920 3270 4019 egent.
3328 3903 3893 3990 declarationis
3927 3967 3949 3991 .
4004 3920 4017 3929 '

1221 4039 1330 4127 15
1393 4104 1414 4125 .
1479 4097 1501 4125 .
1566 4102 1586 4124 .
1653 4102 1672 4121 .
1735 4036 2048 4122 Forma
2090 4039 2314 4123 illius
2378 4058 2501 4125 est
2556 4058 2648 4125 ut
2690 4044 3063 4131 Libanus
3095 4112 3119 4157 ,
3180 4051 3483 4135 selecta
3546 4064 3639 4133 ut
3704 4046 3952 4135 Cedri
3980 4108 3999 4131 .

1327 4186 1700 4271 Tantam
1755 4213 1948 4297 prae
2004 4212 2091 4268 se
2151 4184 2311 4267 fert
2369 4187 2586 4269 illius
2650 4170 2911 4273 forma
2976 4207 3055 4273 et
3112 4193 3414 4301 species
3472 4195 4109 4301 amoenitatem,

1095 4350 1492 4449 quantam
1535 4328 1912 4414 Libanus
1943 4393 1966 4440 ,
2027 4344 2429 4443 quantam
2490 4334 2781 4412 consiti
2841 4332 3097 4415 cedris
3156 4334 3371 4417 horti
3426 4334 3899 4420 laetissimi.
3946 4332 4111 4418 Ce-

1089 4489 1266 4562 tera
1325 4476 1755 4591 usquead
1811 4476 2071 4557 finem
2131 4474 2441 4585 Capitis
2498 4474 2941 4557 clarissima
2998 4494 3199 4561 sunt
3229 4538 3249 4559 .

1332 4616 1605 4726 (Cu.
1666 4616 1892 4727 VI.)
1987 4616 2236 4703 Filiae
2301 4616 2928 4737 Hierosolymae
2998 4617 3402 4705 submissa
3466 4646 3660 4705 voce
3690 4682 3715 4733 ‚
3789 4633 3886 4705 ut
3966 4644 4115 4705 su-

1093 4786 1238 4873 pra
1273 4824 1293 4845 .

1181 5070 1276 5159 (¹)
1324 5070 1629 5141 Montald.
1674 5094 1820 5161 pag.
1869 5079 2015 5150 ¹⁶⁷·
2740 5073 2838 5158 (ι)
2886 5070 3036 5160 Pag-
3084 5074 3275 5148 1489.
