4500 6184
1173 451 1338 570 1'94
1854 504 1863 518 .
1938 467 2049 526 nn
2091 439 2392 526 ‚Cinea
2448 437 3016 526 vinctum.
3057 439 3162 524 V.
3393 557 3400 562 p

1042 596 1381 696 buimus
1410 652 1435 701 ,
1490 585 1739 672 ²nulla
1798 585 1931 669 hic
1994 600 2115 670 est
2170 589 2672 698 comparatio
2705 649 2733 694 ,
2777 585 2922 669 sed
2963 601 3186 668 tutus
3231 597 3352 668 est
3411 583 3512 667 de
3559 577 3824 668 Sacris
3875 579 4088 666 Vini

1043 731 1465 850 speciebus
1523 757 1856 840 serm03
1922 747 2003 814 et
2036 748 2235 841 post
2287 729 2592 816 Vinum
2657 731 2874 816 nibil
2931 731 3158 816 aliud
3217 745 3338 816 est
3372 789 3398 838 ,
3443 726 3610 814 nisi
3651 738 3834 838 post
3893 749 4090 833 epo-

1046 899 1171 969 tas
1228 904 1493 962 sacras
1552 873 1779 968 illius
1838 875 2141 985 species
2176 934 2195 955 .

1076 1131 1085 1142 „
1134 1025 1235 1112 ὅ·
1306 1019 1425 1106 ob
1463 1017 2034 1136 fragrantiam
2094 1021 2698 1133 unguentorum
2761 1033 3090 1103 tuorum
3149 1014 3442 1126 optimi
3494 1032 3787 1098 sunt...

1288 1163 1647 1248 Causam
1706 1189 1851 1244 cur
1934 1163 2223 1272 optimi
2297 1163 2470 1242 sint
2541 1188 2861 1244 amores
2915 1156 3118 1242 Jesu
3169 1174 3351 1267 post
3421 1175 3802 1270 percepta
3858 1189 4101 1247 sacra.

1054 1311 1455 1428 mysteria
1514 1304 1929 1416 explicant
1985 1303 2376 1418 Virgines
2433 1301 2676 1386 illum
2732 1301 3298 1417 alloquentes,
3363 1329 3668 1412 nempe
3726 1307 4100 1396 suavita-z

1052 1469 1227 1536 tem
1287 1451 1789 1564 gratiarum,
1854 1473 2051 1560 quas
2112 1461 2313 1526 tunc
2373 1446 2738 1525 maxime
2797 1445 2892 1525 in
2947 1471 3116 1526 eos·
3159 1446 3302 1556 qui
3365 1443 3614 1560 digne
3683 1448 4104 1535 accedunt

1054 1597 1461 1681 effundit.
1529 1591 1623 1676 Id
1680 1622 1729 1674 a
1786 1586 2320 1705 sequentihus
2381 1575 2908 1671 manifestius
2969 1601 3146 1668 est.

1298 1737 1441 1822 Οὔ»,
1447 1731 2021 1849 fragrantiam
2083 1757 2410 1843 prorsus
2469 1742 2565 1810 ut
2623 1731 2710 1810 in
2775 1723 3189 1810 Hebraico
3245 1707 3428 1840 [⁹2¹2
3461 1793 3486 1838 ⁷
3515 1731 3846 1818 lereahh
3887 1765 3910 1840 3
3947 1762 4098 1816 ne·-

1058 1911 1214 1996 que
1258 1850 2079 1991 aliter‘''interpretari
2124 1872 2474 1961 verbum
2519 1875 2617 1958 de
2673 1870 2924 1958 verbo
2980 1893 3471 1987 possumu33
3539 1892 3621 1958 et
3678 1879 3792 1958 ita
3831 1871 4108 1958 Mon-e

1056 2024 1329 2108 taldus
1390 2050 1713 2136 quoque
1756 2024 1891 2128 .(1)
1930 2081 1953 2102 .

1180 2161 1605 2280 Unguento
1657 2160 2057 2274 perfusus
2118 2190 2207 2246 es
2272 2162 2669 2247 Nominis
2744 2164 2875 2245 tui
2921 2162 2945 2246 ἶ

1296 2307 1533 2417 Quod
1588 2333 1906 2388 nornen
1960 2321 2081 2388 est
2138 2303 2490 2389 Messias
2555 2301 2932 2388 hebraice
2965 2369 2990 2414 ,
3055 2305 3436 2392 Christus
3497 2337 3780 2424 graece
3813 2369 3838 2416 ,
3915 2305 4108 2390 Un-

1066 2468 1248 2536 ctus
1312 2450 1638 2558 latine3
1727 2473 2047 2552 nomen
2101 2451 2628 2532 omnimodae
2679 2448 3110 2531 suaritatis
3163 2449 3744 2559 plenissimum
3785 2514 3813 2561 ,
3885 2451 4112 2532 indi-2

1062 2620 1419 2708 cansque
1482 2618 1683 2674 non‘
1722 2595 1971 2676 modo
2026 2587 2319 2676 Jesum
2375 2595 3272 2708 omniumgratiarum
3323 2593 3932 2704 plenitudinem
4015 2591 4110 2672 in

1064 2765 1239 2822 sese
1298 2731 1649 2844 habere,
1690 2735 2149 2826 sed'etiam
2210 2733 2388 2820 esse
2443 2737 2766 2819 fontem
2822 2738 3094 2846 ipsum
3135 2742 3388 2848 e'quo
3441 2733 3620 2818 solo
3685 2738 3778 2816 in
3835 2735 4114 2817 homi-

1062 2903 1216 2962 nes
1262 2878 1563 2994 gratiae
1608 2880 2085 2964 derivantur
2114 2942 2139 2990 ,
2191 2878 2493 2995 quihus
2539 2879 2844 2963 Christi
2887 2880 3149 2963 bonus
3213 2877 3422 2964 odor
3491 2879 3900 2962 efficimur
3947 2881 4112 2984 (2).

1066 3019 1299 3130 Quae
1341 3087 1347 3094 .
1382 3021 1717 3134 quidem
1762 3026 2112 3139 -gratiae
2181 3051 2434 3139 quam
2501 3049 2794 3105 suaves
2865 3023 3032 3105 sint
3064 3085 3087 3132 ‚
3169 3038 3250 3106 et
3321 2997 3572 3136 quam
3643 3037 3972 3138 gratum
4031 3039 4112 3106 et

1064 3191 1315 3264 suave
1374 3165 1740 3262 olentem
1796 3193 1931 3246 eas
2015 3161 2611 3276 accipientibus
2675 3164 3020 3246 reddant
3103 3165 3380 3275 ipsum
3451 3185 3738 3248 earum
3795 3164 4114 3246 fontem

1066 3301 1363 3388 Jesum
1422 3303 1793 3388 Cristum
1856 3304 2331 3390 Dominum
2371 3368 2396 3416 2
2489 3304 2836 3388 dicendo
2909 3307 3232 3419 assequi
3313 3334 3566 3389 nemo
3627 3319 3894 3417 potest
3925 3367 3950 3387 .
4009 3303 4114 3408 Et

1065 3475 1331 3563 quum
1414 3477 1549 3532 eas
1606 3445 1843 3532 Jesus
1926 3463 2133 3531 tunc
2200 3447 2564 3530 maxime
2647 3445 3045 3562 largiatur.-
3111 3473 3376 3560 quum
3447 3421 3698 3565 digne
3763 3451 4114 3563 suscipi·-

1066 3605 1206 3675 tur
1234 3656 1259 3703 ,
1324 3591 1545 3709 quod
1608 3575 2156 3674 Sulammitha
2215 3590 2462 3701 paulo
2537 3607 2728 3674 ante
2813 3590 3116 3674 fecerat
3157 3654 3182 3701 ,
3259 3593 3562 3676 idcirco
3621 3595 3720 3675 iis
3803 3619 4110 3676 cumu-

1056 3729 1234 3820 'lata
1304 3735 1707 3820 exclamat
1776 3733 1879 3815 ad
1938 3728 2226 3815 Jesum
2269 3794 2297 3841 ,
2383 3744 2804 3846 unguento
2857 3729 3254 3844 perfitsus
3323 3745 3450 3818 est
3515 3734 3868 3820 nominis
3933 3740 4060 3821 tui
4081 3802 4108 3849 ,

1071 3877 1511 3964 manifesta
1569 3876 2137 3987 paronomasia
2180 3937 2205 3986 ,
2295 3890 2376 3960 et
2405 3877 2940 3988 ,superiorum
3005 3878 3618 3963 sententiarum
3669 3881 4117 3964 continua-

1074 4019 1305 4108 tione
1336 4076 1362 4104 .

1305 4157 1719 4276 Ρειγῖιειιε
1803 4195 1895 4252 es
1981 4172 2176 4266 ΡἻἩἸ
2203 4235 2227 4282 ‚
2274 4169 2576 4256 tharac
2603 4230 2631 4283 ,
2693 4199 2904 4284 quae
2959 4196 3126 4252 vox
3177 4183 3302 4253 est
3357 4169 3717 4254 secunda
3773 4195 4114 4280 persona

1078 4315 1544 4400 masculina
1596 4314 1855 4398 futuri
1912 4311 2252 4425 Hophal
2282 4378 2306 4424 ,
2365 4317 2510 4398 sed
2559 4377 2583 4423 ‚
2647 4329 2742 4396 ut
2801 4314 3106 4425 passim
3135 4375 3160 4424 ‚
3223 4313 3828 4430 significatione
3881 4344 4124 4425 prae-

1076 4452 1299 4541 teriti
1342 4511 1365 4534 .
1424 4451 1755 4540 Mirum
1814 4472 1943 4540 est
1996 4459 2488 4570 interpretes
2547 4459 2648 4544 de
2707 4459 2860 4544 hac
2915 4461 3282 4545 secunda
3335 4485 3686 4572 persona
3739 4485 3920 4541 non
3975 4487 4126 4542 co-

1060 4590 1377 4702 -gitasse
1411 4657 1435 4705 ‚
1495 4625 1764 4712 quum
1812 4627 1995 4684 non
2049 4601 2310 4686 deerit.
2363 4605 2582 4714 apud
2639 4599 3131 4690 Mercerum
3186 4599 3692 4712 Ahenezras,
3753 4601 3898 4717 qui
3953 4603 4129 4686 mi·-

1078 4729 1311 4819 nime
1370 4739 1711 4856 quidem
1780 4756 1999 4828 recte
2028 4805 2057 4859 ,
2128 4745 2282 4829 sed
2347 4761 2640 4832 tamen
2697 4774 2873 4832 esse
2931 4745 3142 4831 dixit
3213 4747 3548 4831 tertiam
3621 4745 4130 4832 foemineam

1169 5013 1261 5100 (ι)
1310 5013 1461 5104 Pag.
1508 5021 1703 5094 1406.
1836 5046 1841 5051 ·
2745 5025 2838 5114 (a)
2887 5021 2972 5091 11.
3015 5023 3174 5114 Cor·
3217 5023 3304 5095 11.
3333 5041 3439 5110 ις.
