4500 6184
1161 474 1340 537 220
1817 502 1826 511 -
1925 469 2052 527 ms
2087 434 2395 530 -Cnucn
2452 440 3012 530 Via-mmmm
3067 440 3163 529 V.
3226 492 3235 503 ·

1043 589 1240 679 'dere
1299 590 1977 677 communicatio,
2046 590 2146 674 in
2206 593 2331 675 his
2382 580 2877 675 miserrimis
2938 578 3442 695 temporibus
3486 604 3737 697 quam
3796 612 4081 675 curam

1043 728 1302 819 Electi
1336 798 1360 842 ,
1405 744 1781 843 *ωομεν
1819 764 1828 799 2
1863 756 2072 845 quos
2142 704 2739 814 breviabuntur
2792 725 2971 811 dies
3045 726 3223 835 illi,
3298 742 3720 835 expectare
3796 758 3845 811 a
3912 737 4109 818 suis·

1043 872 1522 961 Pastoribus
1560 886 1738 963 non
1774 864 2162 984 poterunt
2191 937 2215 981 ‚
2284 901 2469 955 eam
2512 876 2683 983 ipse
2737 902 2882 982 per
2928 866 3023 955 'se
3067 872 3439 959 Dilectus
3498 874 4019 982 praecipuam
4050 937 4077 984 ,

1049 1040 1129 1107 et
1185 1016 1680 1131 peculiarem
1740 1012 2075 1095 illorum
2135 1029 2609 1123 temporum
2666 1009 3097 1097 habiturus
3160 1029 3332 1095 est:
3382 1012 3771 1125 atque-id
3812 1013 4085 1103 facere

1050 1179 1173 1247 est
1217 1150 1567 1269 fias'cere
1605 1152 2062 1264 'in'1Liliis3
2131 1156 2347 1267 quod
2406 1149 2655 1263 probe
2726 1140 3559 1236 animaduertendum
3630 1171 3757 1239 est
3787 1216 3806 1239 .
3896 1156 4083 1245 Hoc

1049 1314 1280 1400 enim
1317 1310 1510 1415 ipso
1569 1297 2098 1385 sensu‘Lilia
2179 1300 2270 1379 in
2328 1288 2852 1379 Psalmorum
2921 1296 3184 1378 titulis
3243 1296 3854 1407 nominantur,
3934 1302 4081 1411 qui
4130 1356 4137 1360 -

1049 1454 1150 1534 de
1222 1451 1344 1531 his
1424 1446 1617 1556 ipsis
1677 1438 2184 1551 temporibus
2256 1437 2565 1523 habent
2604 1442 3059 1549 -vaticinia3
3140 1465 3493 1552 quorum
3554 1436 4080 1525 Psalmorum

1044 1621 1264 1677 unns
1333 1620 1382 1673 a
1429 1584 1682 1669 nobis
1741 1600 1921 1696 po'st
1979 1578 2422 1667 Canticum
2482 1584 2919 1667 afferetur.

1286 1732 1354 1814 0
1404 1729 1553 1844 qui
1595 1730 1910 1836 pascis·
1969 1710 2178 1836 Πὶξᾝ
2220 1792 2244 1836 ,
2332 1723 2477 1809 ubi
2549 1744 2670 1811 est
2729 1724 2931 1808 illud
2986 1720 3111 1807 He
3180 1725 3821 1819 exclamationis
3859 1788 3882 1833 ‚
3970 1726 4073 1815 de

1050 1906 1213 1997 quo
1279 1873 1652 1959 diximus
1701 1870 1956 1983 alibi,
2017 1900 2212 1957 cum
2266 1872 2697 1985 'participio
2758 1871 3203 1985 praesentis
3261 1873 3666 1984 ¹temporis
3718 1871 4097 1981 conjunff
4175 1887 4179 1891 ’

1055 2034 1286 2105 ctum
1333 2016 1368 2106 .’
1857 2012 1902 2041 ’“
2324 2038 2329 2043 “
2518 2008 2529 2019 ’
2760 2017 2771 2027 ’
3292 2002 3303 2011 ’
3739 2031 3747 2040 ’

1237 2160 1501 2246 1T0ta
1556 2158 1776 2271 'haec
1849 2160 2104 2243 oratio
2177 2155 2281 2241 ab
2354 2160 2481 2243 his
2554 2155 2824 2242 verbis
2888 2185 3151 2270 usque
3223 2160 3325 2242 ad
3382 2157 3641 2242 finem
3712 2158 4079 2271 precatio

1048 2320 1174 2388 est
1219 2301 1817 2387 Sulammithae
1863 2305 2064 2386 duas
2126 2300 2437 2385 habens
2499 2317 2769 2413 partes
2798 2362 2819 2383 .
2883 2299 3163 2405 Prima
3222 2317 3345 2384 est
3404 2302 3865 2411 invocatiO,
3910 2326 4103 2415 qua·

1043 2446 1476 2531 Dilectum
1517 2444 1952 2555 compellat
2003 2440 2110 2525 ab
2152 2444 2560 2551 adjunctis
2599 2469 2879 2524 rerum
2922 2428 3122 2553 quas
3165 2458 3367 2523 tunc
3412 2444 3805 2555 temporis
3851 2442 4019 2557 agit
4051 2505 4077 2551 ‚

1043 2590 1176 2673 his
1253 2602 1642 2673 contenta
1715 2582 1982 2667 verbis
2013 2648 2038 2693 ,
2119 2583 2188 2666 Ο
2242 2586 2391 2699 qui
2436 2585 2725 2693 pascis
2778 2585 2866 2667 in
2926 2582 3163 2667 Liliis
3226 2583 3773 2698 quoadusque
3842 2580 4080 2705 afflet

1046 2726 1282 2837 die-55
1337 2741 1418 2811 et
1459 2724 1910 2841 diffugiant
1967 2726 2362 2834 umbrae-3
2406 2725 2677 2809 ‘altera
2733 2740 2858 2807 est
2898 2727 3181 2835 petitio
3215 2789 3240 2836 ,
3302 2740 3402 2809 ut
3446 2725 3820 2810 Dilectus
3866 2752 4076 2807 con-

1049 2868 1454 2953 versionis
1515 2870 1864 2983 gratiam
1921 2870 2206 2951 ceteris
2264 2890 2587 2979 quoque
2646 2858 2957 2947 tribuat
3016 2860 3415 2949 Hebraeis
3446 2928 3472 2973 ,
3552 2868 3679 2950 his
3741 2865 4069 2979 verbis,

1043 3012 1445 3121 circumi,
1507 3010 1856 3093 similem
1919 3020 1998 3089 te
2033 3003 2311 3119 facito
2341 3067 2367 3114 ‚
2408 2998 2729 3087 Dilecte
2781 3002 2952 3113 mi,
3008 3031 3363 3113 capreae
3402 3007 3853 3094 hinnulove
3894 3036 4079 3095 cer-

1042 3160 1346 3235 varum
1405 3157 1660 3259 super
1709 3160 2024 3231 montes
2069 3147 2481 3231 ‘dissectos
2517 3210 2543 3257 ‚
2605 3146 2758 3228 hoc
2818 3163 2942 3229 est
2994 3163 3293 3233 natura
3346 3166 3866 3262 praeruptos,
3928 3154 4074 3234 in-

1043 3300 1224 3379 vios
1255 3361 1280 3407 ‚
1333 3296 1753 3402 horridos,
1811 3320 1973 3407 quo
2033 3318 2208 3375 sese
2272 3304 2747 3401 receperant
2810 3286 3169 3373 Hebraei
3226 3291 3596 3375 furorem
3638 3288 4071 3375 Antichri-

1045 3438 1160 3521 sti
1211 3453 1394 3546 post
1455 3450 1778 3547 captam
1823 3433 2503 3553 Hierosolymam
2564 3436 3027 3549 fiagienteS,
3073 3450 3171 3517 ut
3227 3464 3473 3545 supra
3534 3436 3850 3520 dictum
3913 3452 4077 3521 est.

1051 3572 1169 3659 Ut
1225 3580 1486 3693 igitur
1551 3574 2156 3685 Sulammitha‚
2217 3578 2377 3661 hoc
2435 3592 2555 3661 est
2605 3606 2794 3687 pars
2856 3578 3053 3660 haec
3114 3574 3687 3661 Hebraeorum
3742 3580 3837 3661 in
3897 3576 4078 3661 De-

1050 3733 1270 3801 serto
1329 3745 1850 3801 commorans
1882 3782 1907 3827 ‚
1993 3722 2352 3830 quaein
2420 3736 2747 3808 montes
2807 3722 3214 3829 ejusmodi
3290 3735 3375 3805 et
3443 3724 3615 3831 ipsa
3686 3721 4005 3835 fugerat
4048 3779 4074 3826 ,

1049 3884 1223 3940 sese
1286 3858 1795 3943 converterat
1826 3925 1850 3969 ,
1915 3864 2108 3975 quia
2173 3865 2275 3944 ad
2336 3892 2521 3945 eam
2588 3862 2963 3946 Dilectus
3022 3864 3209 3972 ipse
3268 3864 3647 3945 veniebat
3716 3857 4089 3942 insiliens

1039 4022 1297 4104 super
1344 4014 1660 4084 montes
1692 4066 1720 4111 ,
1777 4000 2178 4085 exsiliens
2226 4003 2779 4111 super'colles
2829 4030 2849 4083 :
2898 4003 3195 4086 similis
3252 4017 3429 4087 erat
3472 3996 3849 4086 Dilectus
3892 4002 4083 4107 ejus

1041 4167 1392 4251 capreae
1447 4143 1900 4226 hinnulove
1949 4171 2384 4228 cervarum
2453 4150 2641 4255 (1);
2710 4145 2847 4229 Sic
2919 4165 3147 4263 rogat
3222 4148 3697 4257 Dilectum,
3774 4162 3871 4230 ut
3934 4176 4073 4230 ea·-

1059 4280 1252 4362 dem
1325 4278 1838 4399 benignitate
1909 4317 2007 4370 ac
2076 4291 2413 4371 caritate
2492 4289 2937 4372 circumeat
2984 4354 3006 4399 ‚
3082 4292 3601 4406 similemque
3672 4318 3760 4371 se
3836 4289 4081 4371 faciat

1049 4451 1390 4549 oapi-eae
1451 4426 1908 4527 hinnulore
1967 4454 2395 4510 cervarum
2451 4456 2693 4539 super
2750 4447 3071 4515 montes
3132 4434 3521 4516 dissectos
3548 4496 3570 4541 ,
3622 4432 3715 4513 in
3774 4423 4085 4543 quibus

1053 4560 1198 4645 alii
1255 4588 1429 4643 sese
1500 4562 1994 4651 abdiderant
2015 4600 2028 4641 ·.
2057 4580 2140 4651 et
2191 4562 2561 4653 latebant
2616 4564 2970 4661 Hebraei
3002 4637 3027 4689 2
3107 4560 3619 4689 eandemque
3680 4568 3839 4653 illis
3917 4569 4081 4653 tri-

1051 4704 1257 4789 buat
1317 4706 1662 4825 gratiam
1689 4770 1715 4791 .

1135 5036 1234 5123 (ι)
1275 5036 1450 5125 Supt.
1506 5055 1566 5104 v,
1614 5042 1679 5105 8.
1725 5050 1792 5105 et
1829 5056 1900 5119 ,ς
