4500 6184
1106 480 1471 586 CAwrm.
1508 493 2100 585 Scm.11.·GAr
2141 495 2249 581 ΙΙ.
2287 491 2660 584 Duum.
3126 491 3302 589 ὲιδ

394 634 932 765 aegritudine
946 619 1416 752 deficiunt3
1492 671 1689 724 narn
1750 655 1955 726 tunc
2018 641 2268 722 etiam
2326 641 2563 723 inviti
2623 642 3128 753 sternimur
3201 639 3418 726 Pro-

391 789 743 874 volvere
776 801 1055 869 autem
1112 815 1321 868 sese
1315 765 1617 866 nssullo
1632 786 1879 865 modo
1934 799 2318 894 poterat·
2293 847 2320 892 ,
2407 785 2609 867 adeo
2671 785 2880 868 vires
2956 813 3188 868 amor
3247 769 3412 867 eri-

389 944 732 1040 puerat‚
794 943 903 1009 ut
944 927 1115 1036 ipsa
1172 927 1453 1008 statim
1516 924 1920 1032 declarat,
1982 951 2173 1004 nam
2234 951 2488 1037 aegra
2546 953 2824 1008 amore
2881 953 3123 1010 sum.

625 1065 719 1150 In
772 1067 1105 1176 pomis3
1172 1067 1323 1147 hoc
1384 1081 1504 1148 est
1564 1067 1655 1144 in
1718 1061 2116 1146 fructibus
2176 1066 2320 1177 qui
2377 1062 2480 1146 ab
2543 1063 2826 1151 arbore
2885 1065 3122 1152 Malo
3178 1069 3418 1155 humi

398 1210 945 1320 dediderun13
1010 1211 1151 1321 qui
1194 1209 1503 1291 fructus
1566 1208 1716 1318 ipsi
1776 1224 1971 1290 sunt
2020 1206 2528 1292 Sacrosanoti
2576 1193 3015 1347 Sanguinis
3079 1212 3234 1293 rivi
3276 1209 3417 1326 qui

390 1354 803 1437 ilumum
808 1353 919 1434 de
996 1379 1233 1440 cruce
1282 1345 1881 1436 inundabant.
1967 1347 2117 1432 Me
2176 1351 2269 1428 in
2325 1347 2482 1432 illis
2543 1335 2940 1434 fructibus
2991 1333 3356 1440 sternite
3389 1419 3416 1466 ,

404 1511 552 1608 per
608 1523 743 1577 eos
804 1522 941 1576 me
1022 1490 1523 1601 provolvite,'
1582 1506 1676 1573 ut
1748 1505 1920 1572 tota
1986 1485 2519 1572 Sanctissimo
2577 1491 2892 1574 lavacro
2951 1490 3281 1576 imbuat·
3341 1511 3424 1578 et

380 1637 731 1749 ‘proluar
760 1695 784 1742 ‚
861 1631 1229 1745 nihilque
1302 1631 1541 1713 humi
1618 1659 1718 1711 ex
1794 1659 1893 1712 eo
1952 1621 2462 1743 relinquatur
2493 1695 2516 1738 ,
2579 1633 2738 1714 ‘sed
2793 1649 3064 1715 totum
3127 1635 3228 1726 ,in
3283 1658 3421 1716 me

400 1777 790 1891 colligam
868 1793 949 1859 et
1022 1774 1409 1884 recipiam
1440 1832 1463 1853 .
1540 1769 1813 1886 Atque
1871 1757 2071 1854 h'aec
2124 1775 2442 1881 propria
2516 1789 2638 1855 est
2707 1773 2952 1878 huius
3011 1775 3168 1857 loci
3229 1763 3454 1858 sen-3

404 1919 669 2001 tentia
702 1982 725 2028 ,
786 1937 1037 2030 qua-m
1095 1913 1241 1998 uhi
1302 1917 1822 2030 quorundam
1906 1906 2461 1999 recentiorum
2543 1913 2993 2014 muliebres
3073 1917 3423 2026 ineptias

410 2058 585 2146 huo·
634 2057 915 2142 allatas
978 2047 1347 2141 inviseris
1381 2121 1403 2164 ‚
1470 2043 1721 2140 velim
1781 2057 2380 2140 animadvertas
2439 2049 2740 2166 probe.
2933 2071 2941 2077 ’

486 2199 611 2291 ’6,
655 2197 951 2284 Laeva
1010 2198 1232 2280 illius
1290 2198 1445 2278 sub
1506 2197 1777 2306 capite
1831 2221 2009 2278 meo
2072 2211 2243 2305 est,
2317 2209 2396 2277 et
2453 2195 2814 2288 dextera
2891 2200 3156 2308 ipsius
3240 2229 3430 2285 am·-

742 2343 1153 2451 pleoeatur
1222 2365 1351 2420 me
1385 2396 1405 2418 .
2695 2313 2700 2320 ’

634 2483 845 2568 Satis
890 2481 1104 2564 clara
1145 2478 1345 2561 haee
1388 2463 1633 2560 verba
1672 2493 1869 2560 sunt
1903 2539 1925 2580 ,
1974 2505 2243 2590 neque
2285 2477 2511 2561 aliud
2555 2481 3018 2564 desiderant
3061 2485 3223 2565 nisi
3285 2516 3430 2569 co-

408 2629 870 2748 gnitionem
955 2611 1237 2705 reru‘m
1306 2648 1511 2732 quae
1564 2621 1779 2703 fiunt
1832 2623 1924 2702 in
1990 2619 2247 2704 Scena
2279 2685 2303 2732 ,
2377 2649 2586 2734 quae
2653 2626 2830 2730 jam
2891 2627 2994 2706 ad
3053 2619 3427 2710 Texturti

406 2775 845 2858 adnotatae
906 2782 1138 2850 sunt.

460 2967 471 2976 ·
522 2939 573 3024 7
666 2911 833 2994 Dil.
920 2907 1257 3011 Adjuro
1320 2907 1539 3014 vos',-
1586 2905 1863 2990 Filiae
1918 2904 2610 3023 Hierosoly-mae,
2659 2937 2814 3018 per·
2867 2935 3217 3016 capreas
3277 2925 3430 2994 aut
3514 2980 3519 2986 .

664 3077 670 3082 ·
748 3045 1298 3162 cervas'ogri
1348 3037 1569 3128 ntem'
1624 3039 2103 3143 excitabitis
2150 3110 2175 3159 ,
2261 3038 2572 3133 numv'e
2625 3039 3136 3135 suscitabitis
3193 3045 3436 3135 Dile-

694 3251 701 3260 -
756 3205 979 3278 ciam
1024 3185 1107 3272 ?-
1159 3185 1571 3298 Quamdiu
1633 3188 1836 3270 velit
1866 3183 1903 3299 ‚⁹
2889 3209 2896 3214 ·

645 3335 923 3446 Hujus
988 3329 1519 3442 adjurationis
1590 3333 1817 3417 unde
1888 3335 2197 3415 oriatur
2265 3335 2632 3446 oeoasio,
2711 3334 2815 3418 ad
2869 3333 3243 3418 Textum
3301 3334 3438 3416 di·-

407 3487 685 3569 ximus
720 3541 743 3564 .
3169 3477 3176 3486 '
3415 3467 3418 3472 ’

637 3619 805 3707 Per·
862 3643 1211 3730 capreas
1272 3631 1423 3702 aut
1477 3645 1776 3704 cervas
1833 3619 2063 3734 agri,
2125 3621 2286 3704 hoc
2343 3633 2464 3704 est
2521 3601 2664 3731 pei·
2724 3647 3004 3735 greges
3049 3621 3221 3733 agri
3281 3618 3440 3699 do·-

406 3765 705 3851 minici
761 3775 1125 3869 vestros,
1190 3760 1327 3872 qui
1399 3788 1627 3847 nunc
1680 3747 1987 3873 ubique
2054 3776 2458 3845 terrarum
2529 3763 2947 3844 saeviente
3007 3747 3440 3840 Antichrb

407 3923 533 3992 sto
618 3893 1047 4018 praerupta
1110 3917 1198 3983 et
1263 3903 1676 3985 inaccessa
1748 3901 1924 3990 loca
1996 3904 2482 4015 inquirunt,
2561 3901 2841 4016 qualia
2905 3887 3236 4011 capreae
3299 3900 3435 3980 di-

408 4050 681 4162 ligunt
722 4109 747 4156 ‚
838 4059 921 4126 et
1000 4042 1279 4154 fugere
1360 4043 1911 4156 undequaque
1992 4044 2420 4126 celerrime
2509 4058 2921 4158 coguntur
3007 4039 3436 4125 cervarum

404 4215 699 4296 more5
758 4205 961 4298 quas
1014 4197 1432 4264 venatores
1497 4183 1601 4264 ad
1660 4182 1993 4264 caedem
2050 4199 2648 4297 persequantur
2678 4243 2698 4264 .
2749 4181 2908 4263 Per
2952 4183 3100 4263 hos
3159 4209 3449 4296 greges

405 4325 728 4434 adjurat
782 4321 1240 4433 Ecclesiae,
1303 4325 1521 4437 quod
1582 4325 1733 4408 hae
1790 4299 2003 4410 nihil
2050 4329 2225 4412 suis
2271 4324 2652 4444 gregibus
2712 4321 3072 4407 habeant
3127 4328 3218 4405 in
3262 4340 3434 4405 ter.-

400 4493 551 4548 ns.
583 4491 848 4548 carius
878 4523 903 4544 .
1996 4557 2009 4566 .

652 4599 1060 4714 Quamdiu
1122 4601 1381 4711 velit,
1457 4625 1641 4684 eam
1696 4603 1815 4686 sic
1888 4633 2059 4689 esse
2114 4607 2359 4690 sinite
2395 4667 2415 4689 .
2475 4605 2830 4724 Elegans
2887 4623 3009 4690 est
3068 4609 3434 4690 reticen-

408 4749 523 4830 tia
555 4810 581 4857 ,
645 4747 1139 4860 quum-satis
1198 4745 1707 4860 intelligatur
1760 4748 1975 4862 quid·
2002 4737 2332 4863 jubeat5
2396 4751 2614 4864 quod
2675 4739 3072 4861 reticere,¹
3135 4745 3438 4828 leniter

416 4903 503 4973 et
563 4903 941 4972 amanter
1000 4889 1483 4998 imperantis
1546 4901 1719 4972 est.

532 5025 591 5112 8
678 5023 851 5114 Sul.
950 5025 1039 5110 V
1026 5054 1152 5114 oa:
1209 5046 1382 5118 erat
1434 5025 1747 5122 Dilecta·
1802 5025 2023 5118 mei!
