4500 6184
1300 464 2033 567 PsAmuus
2100 464 2413 555 XLV.
2535 510 2548 557 :
3112 469 3310 559 521.

290 678 295 685 .
362 642 514 699 eur
570 614 663 698 in
721 608 1093 695 Psalmor
1110 634 1261 693 um
1332 609 1593 691 titulis
1654 604 2035 701 Hebraei
2088 622 2564 718 temporum
2623 609 2724 693 de
2781 606 3116 724 quibus
3159 613 3436 729 loqui·-

369 780 561 841 mur
594 752 873 871 ‚filii
909 738 1171 835 Corae
1226 751 1793 861 appellentur,
1854 766 1950 832 ut
2006 751 2100 831 in
2160 768 2652 865 argumento
2707 756 3034 839 dictum
3097 771 3271 838 est.

596 895 718 979 At
766 924 841 977 vis
905 910 1031 979 tot
1092 893 1663 979 Hebraeorum
1720 922 1891 1010 una
1952 910 2165 976 cum
2187 888 2692 977 Antichristo
2766 908 2940 977 tam
2997 892 3434 979 miserabi-

372 1041 473 1125 lis
530 1041 915 1125 interitus
952 1102 978 1150 ‚
1039 1055 1121 1123 et
1176 1036 1615 1123 manifesta
1672 998 2129 1121 eorundem
2188 1036 2294 1117 ad
2352 1050 2728 1119 aeternos
2803 1037 3038 1149 ignes
3095 1032 3200 1119 ab
3261 1040 3433 1149 ipso

375 1180 743 1267 Domino
801 1179 1001 1265 Jesu
1060 1178 1385 1265 Christo
1457 1183 1732 1293 palam
1804 1178 2205 1263 declarata
2281 1181 2911 1290 condemnati0‚
2987 1181 3178 1264 filiis
3235 1185 3436 1289 'jam

380 1322 940 1429 credentibus,
1009 1336 1105 1403 et·
1150 1337 1472 1405 tantam
1528 1337 1966 1430 parentum
2026 1346 2370 1403 suorum
2429 1322 2598 1427 jam
2653 1323 3250 1406 imminentem
3293 1352 3434 1405 ca·-

377 1468 835 1553 lamitatem
910 1466 1358 1567 certissime
1421 1459 2039 1573 expectantibus
2072 1523 2096 1570 ‚
2170 1488 2618 1575 permagno
2695 1464 3068 1545 moerori
3127 1462 3436 1545 dolori..

376 1636 539 1723 que
596 1608 703 1693 sit
758 1636 1085 1691 necesse
1146 1622 1267 1690 est
1301 1666 1319 1687 .
1388 1603 1947 1715 Quamobrem
2012 1602 2638 1720 Hierosolymae
2702 1606 2918 1688 filiae
2937 1682 2955 1714 ,Ι
2981 1602 3435 1690 Sulammi-

378 1750 655 1858 tham,
716 1750 869 1833 hoc
924 1764 1047 1831 est
1095 1744 1511 1829 Hebraeos
1575 1748 1720 1860 qui
1782 1744 2292 1829 crediderant
2323 1808 2348 1851 ‚
2437 1761 2520 1828 et
2577 1750 2666 1827 in
2715 1747 3080 1833 Deserto
3145 1770 3434 1877 erant,

379 1891 509 1975 his
550 1888 819 1977 verbis
878 1892 1464 2000 consolantur,
1509 1891 1689 1977 Ioco
1742 1902 2083 1999 patrum
2148 1899 2478 1973 luorum
2541 1902 2778 1973 erunt
2810 1889 3183 2004 filii.tui
3229 1920 3251 1973 ι
3311 1890 3436 1973 his

378 2066 576 2125 vero
630 2067 837 2152 quae
879 2053 1413 2151 sequuntur,
1475 2037 1805 2119 eosdem
1860 2035 2195 2147 erigunt
2233 2047 2333 2148 ‘et
2394 2048 2762 2117 recreant
2796 2094 2826 2139 7
2899 2058 3076 2113 eos·
3121 2038 3436 2120 consti-

376 2190 561 2263 tues
608 2178 1025 2288 principes
1083 2180 1165 2260 in
1220 2178 1616 2261 universa
1660 2191 1937 2287 terra3
2000 2178 2153 2260 hoc
2220 2184 2340 2259 est
2383 2178 2856 2285 praecipuos
2919 2177 3436 2285 praeclaros-

383 2350 541 2436 que
598 2315 827 2403 verbi
890 2318 1043 2403 Dei
1104 2346 1597 2429 praecones»,
1660 2318 1831 2401 fere
1888 2334 2013 2402 ut·
2045 2317 2247 2406 olim
2309 2314 2674 2426 Apostoli
2737 2316 3134 2424 fuerunt3
3185 2346 3433 2431 .que-

380 2462 921 2551 madmodum
982 2458 1403 2545 Michaeas
1466 2461 1781 2568 copiose
1840 2458 2331 2541 vaticinatus
2413 2475 2590 2567 est;
2667 2461 3438 2571 quod‹vaticinium

384 2605 481 2685 in
534 2601 927 2717 Apologia
984 2618 1266 2685 nostra
1316 2601 1761 2715 diligenter
1820 2602 2276 2688 videndum
2337 2619 2459 2686 est
2525 2606 2703 2713 (1).

626 2724 811 2829 Scio
870 2744 1073 2827 alias
1130 2743 1405 2827 afferri
1491 2742 1733 2861 hujus
1815 2742 1971 2825 loci
2035 2742 2616 2850 explicationes
2663 2807 2692 2852 ‚
2801 2752 2998 2860 qiuas
3060 2749 3442 2864 equidem

386 2885 627 2971 laudo
655 2946 683 2994 ,
744 2886 841 2969 iis
902 2886 1252 2996 exceptis
1310 2912 1509 2996 quas
1580 2901 1949 2968 auctores
2008 2887 2111 2967 ad
2169 2888 2428 3000 regias
2489 2889 2817 2997 nuptias
2881 2892 3353 2978 retulerunt
3409 2938 3432 2963 ·

392 3023 619 3111 Haec
679 3028 887 3108 mihi
946 3023 1049 3110 ab
1108 3028 1279 3137 ipsa
1338 3052 1616 3107 rerum
1674 3041 1756 3108 et
1813 3041 2281 3135 temporum
2342 3028 2440 3108 de
2499 3025 2814 3140 quibus
2875 3047 3049 3117 toto
3107 3032 3440 3123 Psalmo

394 3166 667 3283 agitur
724 3181 1084 3277 natura,
1146 3168 1472 3251 videtur
1531 3168 1927 3279 proficisci
1961 3230 1981 3251 .
2913 3244 2920 3251 .

628 3305 903 3391 Erunt
955 3304 1143 3426 filii
1224 3312 1348 3392 tui
1386 3372 1417 3419 ,
1513 3310 1750 3420 Quod
1830 3316 1924 3395 in
1982 3313 2341 3428 Vulgato
2409 3314 2944 3430 legiturnati
3016 3336 3216 3405 sunt
3289 3326 3446 3410 tibi

305 3557 315 3568 ο
359 3450 590 3569 filii,
650 3465 777 3533 est
832 3480 877 3535 e
935 3455 1304 3555 versione
1346 3451 1883 3570 Septuaginta
1946 3454 2500 3565 Inter-pretam
2565 3461 3002 3577 iymdflnaeo'w
3065 3498 3186 3551 eor
3241 3462 3417 3552 υἱοί.

396 3597 971 3723 Hieronymus
1036 3594 1639 3684 Hebraeorum
1632 3612 2053 3712 sequutus
2106 3616 2252 3695 est
2293 3617 2684 3708 textum,
2738 3606 3196 3715 vertitque,
3263 3596 3436 3687 Pro

390 3739 771 3851 patribus
834 3739 1002 3821 tuis
1060 3750 1297 3821 erunt
1337 3738 1531 3857 filii
1572 3739 1781 3851 tihi·
1859 3736 2005 3831 ubi
2062 3740 2434 3859 Editores
2507 3744 3036 3891 adnotarunt
3065 3772 3212 3856 pro
3285 3742 3439 3829 tibi

404 3875 567 3994 legi
624 3880 721 3961 in
776 3876 1161 3964 hebraico
1220 3878 1397 3961 tui.
2983 3918 2992 3925 ·

644 4004 1499 4111 Animadvertendum
1566 4034 1693 4105 est
1760 4036 2093 4143 autem,
2180 4025 2344 4113 duo'
2411 4026 2612 4132 haec
2681 4026 3178 4138 pronomina
3249 4022 3444 4113 iuo-

397 4184 587 4241 rum
650 4174 737 4241 et
792 4161 915 4241 lui
972 4162 1406 4245 masculini
1454 4190 1623 4246 esse
1680 4166 1897 4272 apud
1933 4084 2360 4251 Hebraeos
2422 4173 2804 4283 generisff
2835 4176 3235 4283 quamvis:
3220 4196 3438 4255 :ser-

404 4328 547 4383 mo
604 4302 715 4383 sit
774 4330 969 4383 cum
1029 4301 1633 4409 Sulammitha,
1698 4332 1903 4419 quae
1960 4308 2201 4417 paulo
2265 4320 2454 4393 ante
2513 4309 2799 4419 Filia,
2861 4331 2943 4397 et
3000 4312 3224 4398 Filia
3273 4310 3448 4397 Re-

392 4439 533 4551 gis
564 4502 591 4549 ,
668 4460 749 4525 et
820 4441 1481 4559 Regia-Gonjuoe
1541 4480 1588 4531 a
1647 4448 1827 4533 Deo
1888 4448 2286 4560 appellata
2343 4466 2464 4537 est
2494 4512 2518 4534 .-
2597 4452 2692 4537 Id
2753 4454 3016 4538 facere
3083 4452 3448 4567 Prophe·-

406 4593 537 4665 tae
622 4584 891 4671 solent
918 4648 947 4700 ,
1033 4603 1129 4673 ut
1186 4589 1626 4677 ostendant
1702 4615 1879 4673 sese
1936 4616 2115 4673 non
2188 4594 2290 4675 de
2345 4620 2534 4683 vera
2595 4596 2950 4708 quadam
3009 4592 3373 4684 foemina
3417 4656 3447 4707 ,

2120 4756 2167 4813 s
2222 4756 2269 4813 s

508 5050 599 5137 (ι)
646 5048 804 5138 Cap.
852 5050 1027 5119 XIV.
