4500 6184
1204 422 1376 512 310
1971 444 2076 503 nn
2135 414 2418 505 Cauca
2478 403 3028 503 Vammmn
3084 412 3229 505 VI.

1183 563 1472 674 ‘Super
1534 532 1868 647 Trunca
1929 561 2180 641 unxit
2238 573 2317 641 te
2349 622 2374 669 ,
2434 552 2669 670 Dee,
2732 554 2961 642 Deus
3026 573 3223 643 tuus
3298 565 3721 671 unguento
3780 554 4143 646 laetitiae

1445 729 1496 787 α
1560 702 1810 787 sociis
1873 701 2036 784 tuis
2097 712 2538 799 manaturo
2572 763 2593 786 .
3736 678 3754 692 ⁸

1331 842 1556 930 Alter
1614 844 1748 929 hic
1811 858 1948 931 est,
1990 847 2210 931 locus
2245 910 2269 955 ,
2333 845 2480 931 ubi
2538 875 2853 931 nomen
2910 860 3035 931 est
3096 840 3319 933 Chen
3354 909 3379 956 ,
3460 842 3845 931 Truncus
3876 910 3913 958 7
3968 875 4145 934 non

1087 982 1574 1071 adverbium
1605 1047 1624 1067 .
1710 982 1830 1073 Ea
1903 1014 1988 1071 re
2060 991 2385 1105 cognita
2415 1056 2439 1101 ,
2524 991 2727 1075 illud
2796 1020 3119 1107 quoque
3188 994 3477 1075 statim
3554 991 4079 1105 cognoscitur
4114 1050 4143 1099 ,

1093 1131 1419 1213 literam
1499 1124 1740 1210 Mem
1830 1130 1920 1209 in
2002 1132 2345 1213 nomine
2432 1136 2721 1240 313Ἰὲῌὲ
2818 1162 2995 1215 non
3076 1137 3380 1217 servire
3466 1136 4135 1245 comparationi.

1101 1272 1334 1361 Nam
1389 1268 1625 1355 Jesus
1685 1296 1979 1355 omnes
2035 1270 2537 1359 Christianos
2606 1306 2787 1360 non
2845 1274 3137 1391 hahuit
3234 1280 3495 1389 reipsa
3562 1277 3653 1360 in
3712 1304 3955 1363 cruce
4006 1304 4155 1363 so-

1101 1412 1330 1521 cios3
1395 1437 1872 1527 quanquam
1929 1412 2085 1495 alia
2143 1416 2459 1499 ratione
2522 1441 2811 1499 omnes
2871 1446 3064 1500 cum
3122 1414 3297 1529 ipso
3355 1420 3735 1503 crucifixi
3813 1438 3897 1507 et
3952 1450 4153 1505 con·-

1115 1557 1411 1668 sepulti
1466 1556 1920 1665 fuerimus;
1987 1562 2691 1670 quemadmodum
2760 1556 2970 1643 cum⁴
3014 1559 3189 1671 ipso
3250 1566 3865 1649 resurreximus
3908 1626 3932 1675 ,
4004 1567 4147 1647 sed

1108 1702 1373 1810 reipsa
1459 1700 1837 1781 nondum
1882 1752 1901 1777 .
1995 1696 2277 1810 Itaque
2361 1700 2841 1811 praepositio
2928 1706 3591 1789 communiorem
3674 1733 3921 1791 suam
3998 1734 4147 1817 ope

1097 1845 1358 1925 crucis
1417 1842 1800 1951 patefacit
1853 1868 1966 1951 a,
2027 1840 2196 1949 ab,
2258 1870 2356 1951 e,
2416 1862 2599 1952 eae,‘
2640 1837 2741 1925 (le
2799 1841 3551 1958 significationem,
3592 1846 4150 1959 vertendaque

1095 1996 1216 2063 est
1269 2008 1325 2065 a
1381 1982 1632 2068 sociis
1695 1981 1860 2067 tuis
1899 2044 1918 2067 .
1983 1985 2160 2094 Qua
2219 1988 2553 2099 quidem
2609 1986 2781 2070 sola
2837 1989 3465 2098 praepositione
3522 1984 3877 2071 Hebraei
3923 1984 4149 2071 Scri-

1091 2138 1356 2235 ptores
1417 2128 1619 2207 sacri
1663 2140 2014 2210 utuntur
2075 2133 2225 2233 (ut
2276 2154 2513 2238 saepe
2558 2128 3287 2212 animadvertimus
3324 2194 3347 2237 ‚
3416 2157 3657 2239 saepe
3716 2128 3947 2212 enim
4008 2158 4149 2212 oc·-

1087 2283 1439 2353 currunt
1497 2268 1920 2380 exempla)
1983 2270 2086 2352 ad
2139 2298 2272 2353 eas
2335 2270 2859 2383 loquutiones
2900 2296 3099 2385 quas
3172 2252 3329 2356 nos
3374 2270 3919 2382 'exprimimus
3958 2299 4147 2380 par-

1091 2404 1384 2517 ticipiis
1442 2410 2094 2496 monstrantibus
2167 2415 2390 2496 unde
2430 2414 2786 2527 ‘aliquid
2870 2418 3189 2522 oritur,
3254 2429 3402 2496 aut
3474 2415 3891 2512 oriturum
3956 2430 4079 2497 est
4122 2480 4143 2501 .

1093 2542 1252 2626 Sed
1337 2549 1488 2633 hae
1569 2550 1811 2637 nohis
1896 2556 2265 2637 insuetae
2353 2554 2667 2663 ellipses
2742 2582 3137 2668 magnam
3208 2568 3594 2665 parerent
3682 2550 4141 2639 obscurita-

1088 2700 1258 2767 tem
1304 2748 1325 2768 .
1411 2688 1759 2806 Ex-quo
1817 2698 2250 2779 necessitas
2310 2694 2625 2803 oritur,
2698 2695 2900 2777 dum
2961 2696 3661 2805 interpretamur,
3748 2692 4139 2783 subindi-

1089 2830 1330 2911 candi
1401 2860 1494 2915 ea
1567 2836 2037 2945 participia,
2125 2810 2423 2950 quihus
2502 2864 2731 2919 more
2814 2836 3212 2949 loquendi
3278 2855 3563 2921 nostro
3646 2824 4138 2952 uteremur3

1091 2972 1316 3075 quod·
1389 2976 1566 3058 aliis
1649 2979 1900 3061 literis
1989 2980 2333 3064 facimus
2382 3042 2399 3061 .
2495 2979 2745 3062 Aliud
2816 2979 3189 3087 ejusdem
3246 2981 3665 3091 phraseos
3746 2997 4139 3091 sequente

1091 3138 1335 3197 versu
1397 3122 1868 3232 exemplum
1927 3140 2102 3209 est.
3452 3126 3460 3136 “

1331 3260 1507 3370 Qua
1581 3269 1894 3350 ratione
1953 3268 2180 3353 Deus
2257 3270 2541 3353 Deum
2624 3290 2864 3377 super
2948 3292 3184 3349 cruce
3269 3264 3613 3347 unxerit
3692 3274 4133 3377 unguento

1087 3398 1442 3487 laetitiae
1511 3438 1559 3491 a
1633 3414 1870 3495 sociis
1931 3413 2182 3524 ipsius
2268 3392 2765 3517 minuatum,
2849 3408 3217 3491 Dilectae
3280 3408 3568 3489 statim
3628 3406 4141 3487 commemo-

1087 3562 1326 3657 rant,
1391 3552 1560 3660 ipsa
1621 3550 1778 3635 Dei
1842 3552 2104 3639 Patris
2165 3556 2271 3637 ad
2336 3552 2639 3636 Filium
2695 3576 2943 3633 suum
3010 3550 3443 3631 recitantes
3502 3540 3805 3629 verba.

1207 3714 1264 3798 9
1349 3685 1726 3802 Myrm,
1819 3696 2157 3805 inquit,
2243 3710 2331 3778 et·
2401 3688 2772 3799 summi,
2858 3688 3140 3774 casiae
3228 3702 3477 3771 erunt
3548 3687 3827 3771 omnia
3896 3688 4139 3771 indu-
4256 3754 4261 3759 .

1439 3843 1714 3914 menta
1791 3848 1993 3943 tua,
2067 3833 2169 3917 cle
2235 3818 2605 3942 Templis
2680 3828 3069 3913 eburneis·
3140 3830 3549 3939 profectae
3614 3828 3721 3911 ab
3792 3828 3922 3913 his
3994 3816 4140 3945 qui

1443 3981 1521 4051 te
1578 3972 2224 4059 exhilarabunt.
2704 3950 2711 3957 .
2906 3974 2913 3983 ’

1327 4107 1684 4195 Hebraei
1752 4114 2196 4227 Scriptores
2256 4130 2625 4224 veteres,
2711 4127 2809 4197 ut
2892 4114 3090 4197 alias
3182 4144 3230 4197 a
3290 4104 3529 4198 nobis
3616 4114 4133 4197 animadver-

1079 4276 1325 4359 sum,
1389 4268 1474 4335 ct
1535 4248 1926 4364 exemplis
1987 4273 2414 4339 ostensum
2472 4268 2593 4339 est
2641 4315 2664 4362 7
2740 4254 3200 4369 plerunque
3292 4258 3493 4339 dum
3562 4280 3948 4365 personas
4010 4254 4133 4336 lo·

1077 4408 1418 4503 quentes
1485 4395 1954 4504 inducunt,
2015 4426 2188 4479 non
2246 4394 2573 4507 ponunt
2628 4394 2875 4481 verba
2938 4395 3075 4479 illa
3132 4397 3469 4510 inquam
3506 4460 3530 4505 ‚
3592 4396 3921 4509 inquit,
4000 4397 4130 4478 in·-

1073 4535 1428 4647 quiunt‚
1508 4562 1714 4646 quae
1791 4562 1966 4617 non
2029 4564 2208 4643 raro
2268 4539 2519 4619 etiam
2590 4566 2641 4621 a
2702 4534 3244 4646 Scriptorihus
3322 4539 3675 4622 aliarum
3754 4538 4139 4652 gentium

1089 4678 1658 4786 omittuntur;
1745 4694 1841 4760 ut
1925 4683 2016 4761 in
2075 4680 2413 4795 dialogis
2486 4710 2533 4763 a
2592 4677 2937 4763 Platone
2998 4708 3231 4791 saepe
3292 4680 3607 4763 facturn
3668 4692 3795 4761 est
3837 4737 3858 4758 .
3954 4674 4137 4757 He-

1085 4810 1358 4902 braeis
1435 4822 1660 4902 enirn
1733 4822 1927 4905 satis
2007 4839 2129 4905 est
2213 4836 2401 4904 ante
2459 4818 2861 4904 indicasse
2931 4844 3225 4933 genere
3287 4821 3461 4931 ipso
3522 4820 3909 4926 dicendi,
3992 4815 4140 4897 illa

1082 4986 1288 5069 quae
1344 4976 1833 5077 sequuntur.
1877 4958 2122 5047 verba
2185 4976 2554 5073 oportere
2614 4988 2787 5043 esse
2858 4987 3247 5070 personae
3308 4962 3745 5071 inductae3
3825 4974 3922 5045 ut
3976 4958 4139 5041 hoc
