4500 6184
1183 481 1294 568 52
1945 475 3199 587 Prion-‘13Gom-ursit.=

1061 627 1326 738 phetis
1388 617 1765 703 homines
1799 678 1826 723 ,
1871 617 2287 699 doctrinae
2326 641 2525 697 suae
2576 612 3126 722 patrocinium
3183 587 3607 717 habeant,
3666 623 3749 692 et
3802 603 4101 697 ἐπεὶ).

1059 773 1393 853 ritatem
1425 827 1448 846 .
1515 763 2010 874 Quanquam
2064 790 2113 843 a
2167 754 2408 842 nobis
2452 756 2595 868 qui
2639 755 3031 836 hactenus
3075 753 3492 866 incognita
3548 756 4043 863 proferimus
4066 821 4096 868 ‚

1060 912 1417 994 minime
1487 901 2075 1014 postulandum
2149 915 2329 1009 est,
2404 911 2503 979 ut
2578 897 2853 975 doctos
2914 893 3165 974 etiam
3234 893 3800 1003 proferamus
3806 904 4029 987 viros
4070 967 4097 1014 ,

1065 1049 1208 1165 qui
1265 1043 1706 1132 nobiscum
1790 1045 2267 1126 senserint.
2330 1031 2630 1154 Neque
2718 1038 2949 1122 enim
3020 1037 3485 1152 incognitae
3544 1063 3675 1124 res
3762 1061 4095 1165 essent,

1062 1217 1264 1306 quas
1326 1187 1466 1272 alii
1537 1197 1734 1269 ante
1787 1211 1941 1265 nos
1999 1184 2447 1268 vidissent.
2526 1177 3131 1290 Quamobrem
3142 1179 3211 1262 si
3270 1179 3411 1292 qui
3480 1193 3789 1292 σιωπὴ·
3840 1186 3986 1297 qui
4056 1211 4106 1269 a

1061 1327 1314 1418 nobis
1381 1327 1822 1440 utriusque
1897 1323 2521 1438 significationis
2594 1322 3069 1404 testimonia
3139 1315 3741 1433 postulabunt,
3820 1321 3973 1408 ab
4004 1327 4103 1409 iis

1063 1474 1444 1560 modeste·
1508 1481 1882 1578 petemus
1915 1527 1940 1574 ,
2015 1479 2305 1547 utrum
2376 1463 2659 1546 divina
2687 1523 2714 1570 ‚
2792 1487 2911 1544 an
2978 1461 3345 1545 humana
3412 1466 3887 1550 testimonia
3956 1494 4107 1550 ve·-

1065 1613 1235 1698 lint
1277 1673 1303 1695 .
1377 1608 1466 1697 Si
1553 1608 1835 1720 divina
1880 1667 1904 1715 ‚
1995 1603 2196 1689 haec
2284 1602 2889 1718 duodetriginta
2970 1601 3475 1712 proferemus
3516 1631 3543 1686 ε
3618 1607 3753 1686 sin
3822 1621 4105 1692 autem

1065 1755 1438 1842 humana
1467 1814 1494 1861 ‚
1583 1749 2003 1861 patiantur
2083 1775 2136 1832 a
2215 1739 2455 1828 nobis
2524 1737 2673 1828 ubi
2760 1742 3038 1829 divina
3118 1759 3319 1830 sunt
3360 1807 3391 1860 ‚
3478 1745 3849 1836 humana
3926 1776 4103 1836 non

1069 1899 1394 2015 quaeri.

1189 2036 1447 2124 XXI
1533 2033 1797 2143 Satis,
1859 2035 2194 2145 opinor,
2239 2047 2327 2116 et
2382 2031 2479 2114 de
2526 2032 2875 2114 nomine
2932 2032 3254 2117 dictum·
3308 2049 3471 2143 est,
3518 2061 3681 2149 quo
3740 1970 4107 2148 Prophe·-

1071 2197 1240 2266 tae
1261 2193 1864 2264 sacrosanctam
1921 2175 2276 2294 Crucem
2332 2130 2895 2285 appellarunt,
2943 2192 3025 2258 et
3083 2179 3199 2261 de
3236 2181 3481 2261 modo
3502 2242 3525 2287 ‚
3576 2206 3777 2293 quo
3763 2179 4109 2261 factum

1073 2339 1255 2429 est5
1317 2335 1415 2402 ut
1473 2321 1838 2428 ipsorum
1895 2275 2285 2399 vatici-nia
2324 2317 2425 2397 de
2470 2313 2732 2396 Cruce
2796 2316 3222 2430 hueusque
3260 2320 3696 2436 ‘incognita
3749 2320 4059 2406 fuerint
4080 2355 4111 2382 ν

1039 2455 1165 2567 *N
1170 2488 1318 2544 am·
1365 2459 1586 2571 quod
1645 2460 1928 2571 quaeri·
1981 2474 2397 2569 praeterea
2448 2477 2719 2570 posset
2748 2525 2771 2570 ‚
2834 2488 2981 2543 cur
3040 2461 3351 2544 factum
3414 2462 3663 2545 fuerit
3692 2525 3715 2570 ‚
3796 2461 3889 2543 in
3949 2485 4111 2574 quo

1071 2602 1354 2684 locum
1385 2623 1394 2630 ·
1426 2595 1766 2692 haberet
1822 2601 2247 2712 inquisitio
2278 2662 2305 2709 ‚
2357 2627 2595 2682 ,num
2653 2600 2863 2684 haee
2934 2601 3324 2682 vaticinia
3378 2602 3474 2684 in
3524 2603 3625 2686 iis
3701 2593 4110 2686 sermoni-'-

1041 2737 1232 2844 ‚Jeus
1309 2742 1878 2827 enumeranda
1943 2743 2116 2824 sint
2143 2807 2168 2850 ‚
2251 2769 2471 2854 quos
2536 2736 3023 2849 Prophetae
3050 2767 3341 2853 nsque
3410 2743 3516 2824 ad
3586 2743 4113 2854 praefinitum

1073 2899 1402 2994 tempus
1466 2883 1778 2967 clausos
1851 2910 2066 2991 esse,
2133 2880 2765 2998 obsignatosque
2827 2879 3201 2966 debuisse
3262 2886 3723 2970 docuerunt
3778 2886 3969 2996 (1)³;
4030 2883 4115 2968 id

1076 3051 1340 3138 quum
1397 3026 1502 3107 ad
1559 3045 1892 3108 causam
1952 3026 2413 3134 pertineat,
2476 3025 2885 3133 sapientes
2942 3017 3475 3131 judicabunt

1311 3167 1496 3274 Qua
1551 3167 1651 3248 de
1696 3195 1826 3274 re,
1864 3166 2016 3249 hoe
2071 3169 2281 3250 mihi
2336 3183 2669 3286 tantum
2727 3167 3385 3252 anhnadvertere
3426 3167 3709 3276 liceat,
3769 3169 3842 3253 si
3886 3167 4107 3252 forte

1075 3307 1488 3416 sapientes
1545 3308 1706 3390 viri
1759 3310 2386 3390 annumeranda
2428 3336 2608 3392 esse
2660 3283 2953 3390 clausis
2996 3304 3517 3392 sermonibus
3574 3308 4061 3416 judicabunt
4074 3373 4107 3420 ‚

1069 3444 1709 3556 discrepantiam
1777 3450 2254 3532 versionum
2318 3461 2849 3534 nostrarum
2874 3441 2979 3527 ab
3065 3443 3463 3530 omnibus
3512 3447 4105 3562 versionibus,

1074 3617 1287 3704 quae
1345 3589 1758 3672 haetenus
1805 3589 2080 3672 editae·
2134 3588 2479 3700 fuerunt
2506 3650 2533 3697 ,
2590 3585 2913 3670 nemini
2960 3581 3257 3670 debere
3298 3590 3930 3676 admirationem
3968 3623 4108 3706 pa·-

1073 3759 1255 3814 rere
1285 3794 1310 3841 ,
1369 3753 1640 3844 neque
1687 3745 2060 3839 oportere
2103 3757 2585 3844 quenquam
2623 3759 2722 3812 ea
2778 3757 2867 3812 re
2932 3729 3241 3814 offendi
3264 3789 3295 3813 .
3352 3729 3489 3817 Sie
3528 3738 3797 3843 potius
3839 3761 4104 3819 unus·-

1079 3857 1422 3982 quis'que
1491 3870 1650 3952 ista
1703 3871 2198 3956 consideret.
2227 3871 2479 3956 -Nam
2533 3873 2603 3954 si
2674 3870 2926 3955 clausi
2972 3877 3253 3985 erant,
3301 3869 3867 3992 obsignatique
3924 3903 4105 3958 ser·-

1074 4033 1374 4093 mones
1438 4039 1699 4127 usque
1755 4015 1860 4096 ad
1917 4015 2449 4125 praefinitum
2490 4031 2839 4125 tempus·
2859 4077 2885 4124 ‚
2932 4016 3237 4120 ‘videat
3307 4045 3520 4102 num
3558 4017 3753 4106 ‚fieri
3809 4031 4105 4127 potue·-

1077 4156 1188 4238 rit
1214 4217 1237 4262 ‚
1311 4169 1406 4236 ut
1463 4170 1654 4238 ante
1715 4153 1921 4238 illud
1951 4172 2299 4268 ,tempus
2360 4171 2919 4240 reserarentur
2945 4218 2970 4264 ‚
3030 4171 3117 4240 et
3172 4153 3277 4240 ab
3338 4153 3727 4240 omnibus
3786 4156 4098 4240 intelli-.-

1079 4311 1468 4408 gerentur
1499 4358 1518 4379 .
1583 4297 1820 4405 Quod
1862 4301 2198 4412 quidem
2235 4301 2417 4384 fieri
2456 4325 2637 4382 non
2676 4300 3095 4410 potuisse,
3144 4287 3479 4410 omnes,
3528 4303 3821 4412 opinor
3848 4360 3873 4406 ‚
3922 4298 4097 4406 iure

957 4409 964 4418 ’
1081 4438 1595 4518 concedent.
1688 4435 1920 4519 Nam
1987 4439 2058 4519 si
2141 4439 2321 4556 fieri
2388 4441 2876 4552 potuisset
2826 4503 2897 4550 ,
2936 4439 3057 4524 illi
3140 4443 3295 4554 ipsi
3366 4466 3787 4526 sermones
3854 4433 4101 4521 simul

1075 4576 1376 4684 clausi,
1399 4592 1508 4658 et
1564 4603 1740 4660 non
1797 4576 2051 4660 clausi
2105 4547 2509 4664 fuissent.
2556 4577 2837 4666 Clausi
2886 4582 3223 4696 quidem
3252 4645 3283 4691 ,
3326 4585 3519 4696 quia
3576 4579 3803 4663 tales
3836 4603 4099 4690 usque

1075 4718 1184 4806 ad
1240 4717 1762 4827 praefinitum
1813 4733 2137 4830 tempus
2196 4749 2371 4806 esse
2431 4719 2912 4808 debebant.
2976 4753 3155 4806 non
3210 4723 3468 4808 clausi
3524 4736 3807 4805 autem
3838 4779 3864 4829 ‚
3914 4716 4102 4832 quia

1043 4851 1412 4960 'reserati
1483 4879 1677 4958 ‚ante
1761 4859 1964 4946 illud
2039 4863 2313 4976 ipsum
2381 4863 2907 4980 praefinitum
2984 4877 3309 4980 tempus
3382 4862 3733 4948 fuissent
3778 4917 3799 4941 .
3874 4853 4103 4968 Quae

1161 5164 1258 5252 ξι)
1303 5164 1469 5232 Dan.
1515 5165 1596 5232 X.
1641 5187 1710 5246 9.
