4500 6184
2216 210 2270 243 δ’

3242 310 3279 341 0

1103 462 1470 547 Cam-ic.
1503 458 1753 545 Scan.
1787 459 1895 545 ΙΙ.
1933 458 2132 545 CAr.
2167 456 2323 545 1112
2375 455 2757 552 Deoua.
3156 472 3335 581 235

515 608 526 619 ’
641 612 904 761 Igitur
963 634 1124 723 quo
1179 612 1427 691 modo
1489 608 1922 691 adversarii
1967 607 2231 687 nostri
2290 632 2473 689 sese
2538 609 2713 691 istis
2776 609 3245 738 expedient,
3292 649 3439 705 eo-

409 760 604 843 dem
671 784 822 870 ego
878 754 1054 835 illos
1123 752 1580 905 accipiam.
1617 748 1792 831 Ut
1875 751 2102 831 enim
2161 747 2587 831 Ciceronis
2672 730 2900 835 locus
2986 757 3434 849 'mendosus

403 906 748 988 evaserit
804 906 1170 1009 oportet,
1229 898 1418 1009 quia
1475 922 1700 977 unus
1729 890 2116 1005 aliquis,
2193 894 2291 973 de
2352 918 2511 1003 quo
2600 866 3171 1003 descripserint
3226 899 3436 1014 alii,

381 1047 809 1130 sinistram
893 1042 1196 1123 literae
1230 1037 1318 1123 N
1383 1034 1770 1145 omiserit
1807 1035 2169 1147 lineam,
2227 1063 2500 1149 eaque
2567 1037 2837 1122 litera
2855 1038 2932 1125 V
2992 1039 3204 1122 facta
3257 1046 3426 1125 sit.

383 1176 514 1269 ita'
560 1178 1022 1267 Salomonis
1084 1180 1263 1263 loc'o
1301 1179 1744 1261 mendum.
1784 1178 2175 1259 insederit
2228 1190 2565 1261 necesse
2626 1191 2765 1263 est‘
2790 1243 2819 1289 ‚
2878 1186 3067 1296 quia
3122 1189 3441 1295 primus

395 1356 618 1413 unus
649 1390 674 1437 ,
719 1331 850 1410 ‘de'
903 1301 1067 1436 quo
1124 1324 1330 1403 item
1387 1320 1693 1429 ceteri,
1755 1317 2202 1430 parumper
2251 1318 2659 1403 inflexam
2743 1312 3041 1408 literae
3110 1354 3164 1417 n
3228 1331 3437 1421 sini.

381 1487 641 1555 stram
701 1471 1008 1552 lineam
1076 1464 1318 1547 altius
1373 1462 1795 1577 aliquanto
1850 1460 2329 1571 produxerit
2358 1525 2385 1573 ,
2458 1477 2703 1577 atque
2797 1468 2991 1549 inde
3077 1468 3311 1565 litera
3376 1504 3437 1569 fl

385 1630 630 1717 enata
707 1616 876 1695 sit.
965 1609 1190 1718 Quae
1257 1610 1592 1718 quidem
1661 1635 1788 1689 res
1875 1620 1968 1687 ut
2025 1604 2484 1714 accideret,
2542 1604 2827 1689 multo
2916 1610 3171 1697 etiam
3258 1596 3436 1697 erat

377 1772 464 1838 et
536 1750 942 1866 pluribus
959 1752 1056 1836 'de
1119 1754 1381 1834 causis
1435 1751 1652 1863 apud
1707 1746 2126 1835 Hebraeos
2171 1812 2200 1915 .’
2288 1776 2539 1863 quam
2598 1752 2821 1863 apud
2883 1748 3243 1913 Latinos
3306 1756 3435 1845 fa—

223 1966 226 1969 .
313 2002 316 2005 ἢ
391 1897 684 1985 cilius.

639 2039 762 2127 Ac
828 2058 1237 2157 quantum
1309 2043 1604 2123 attinet
1673 2038 1776 2122 ad
1841 2038 2048 2121 illud
2092 2103 2116 2148 ‚
2207 2039 2347 2151 qui
2435 2040 2611 2123 fieri
2677 2048 3035 2153 potuerit
3063 2108 3088 2157 ‚
3158 2063 3258 2129 ut
3312 2067 3441 2137 tot

377 2185 750 2299 tantique
810 2188 962 2268 viri
1033 2216 1128 2268 ac
1197 2200 1371 2267 tam
1435 2185 1828 2266 diuturno
1899 2199 2267 2294 tempore
2335 2186 2635 2267 vitium
2710 2187 3069 2270 minime
3142 2218 3433 2275 sense-

381 2331 606 2439 rint,
671 2329 890 2445 quod
947 2327 1064 2409 illi
1123 2325 1559 2411 adversarii
1643 2327 1916 2408 nostri
1979 2354 2158 2407 non
2227 2352 2459 2435 posse
2516 2325 2693 2409 fieri
2752 2325 3437 2447 arbitrabantur5

382 2476 534 2558 etsi
593 2502 688 2556 ea
745 2451 1106 2585 quaestio
1175 2473 1278 2551 sit
1351 2496 1558 2581 quae
1595 2468 1980 2549 'multum
2051 2463 2349 2548 habeat
2408 2470 2963 2581 curiositatis,
3036 2476 3431 2560 utilitatis

376 2616 646 2724 n·hil;
721 2614 1100 2728 equidem
1169 2596 1752 2692 hoc'dandum
1807 2635 1980 2691 esse
2053 2602 2403 2689 arbitror
2476 2612 2955 2697 conditioni
3016 2618 3436 2707 humanae

355 2646 783 2922 'phturaQ
841 2774 936 2839 ut
993 2759 1180 2840 licet
1219 2782 1476 2866 paene
1524 2748 2169 2837 innumerabiles
2227 2750 2385 2856 viri
2445 2764 2529 2831 et
2592 2753 2931 2867 ingenio
2964 2821 2989 2867 ‚
3052 2774 3139 2843 et
3196 2764 3439 2849 omni

377 2900 800 2983 doctrinae
869 2922 1168 3012 genere
1241 2910 1740 3005 praestantes
1827 2892 2097 3003 aliquo
2185 2889 2695 2975 contulerint
2779 2891 3117 2985 labores*
3170 2892 3373 3019 'suos
3404 2972 3433 3019 ‚

373 3054 666 3125 tamen
719 3044 818 3125 de
877 3068 964 3122 se
1025 3042 1290 3121 dicere
1349 3039 1922 3153 unusquisque
1983 3036 2399 3145 potuerit,
2470 3037 2716 3120 homo
2772 3064 2965 3123 sum
3002 3056 3047 3152 ,Ἀ
3088 3044 3439 3133 humani

375 3183 588 3267 nihil
669 3210 726 3266 a
811 3210 940 3264 me
1021 3182 1379 3274 alienum
1453 3195 1662 3293 puto
1701 3243 1718 3262 .
1795 3180 1892 3263 Id
1951 3182 2168 3293 quod
2209 3183 2572 3265 accidere
2616 3187 3071 3302 unicuique
3111 3192 3435 3303 potuit,

387 3326 778 3413 omnibus
835 3326 1181 3409 accidit.
1227 3323 1430 3406 Idne
1495 3325 1974 3405 mirandum
2033 3319 2221 3405 est?
2282 3324 2764 3413 Redeamus
2826 3333 2931 3415 ad
2990 3352 3313 3419 nostra.

490 3470 969 3584 Sexaginta
1027 3468 1321 3552 Fortes
1385 3469 1695 3555 circum·
1751 3494 1934 3551 eam
1997 3474 2196 3551 su'nt
2251 3496 2297 3550 c
2356 3468 2761 3552 Fortibus
2808 3468 3191 3559 Israelis.

633 3612 972 3696 Circum
1045 3609 1260 3691 hanc
1319 3606 1775 3691 Mulierem
1867 3636 2077 3721 quae
2139 3606 2775 3694 Sulammithae·
2829 3641 2971 3723 per
3029 3617 3440 3701 visionem
3492 3671 3503 3681 ·

383 3750 899 3862 ostenditur,
963 3776 1332 3867 quaeque
1392 3753 1716 3865 regium
1777 3747 2082 3831 Dilecti
2149 3745 2587 3860 Sceptrum
2664 3748 2915 3837 hahet
2974 3756 3067 3839 in
3121 3786 3445 3871 mann,

384 3898 854 4017 Seoeaginta
907 3893 1202 3979 Fortes
1275 3906 1472 3977 sunt
1551 3922 1598 3976 e
1655 3891 2048 3977 Fortibus
2105 3888 2465 3977 ‘Israelis
2498 3956 2523 4000 ‚
2588 3896 2742 3977 viri
2827 3897 3138 3983 scilicet
3198 3904 3435 3987 omni

390 4044 836 4155 sapientiae
870 4104 896 4153 ,
979 4038 1300 4151 pietatis
1331 4101 1356 4146 ,
1420 4036 1842 4118 doctrinae
1927 4034 2167 4117 laude
2222 4050 2743 4144 praestantes
2780 4102 2803 4149 ⁷
2884 4054 2967 4121 et
3006 4043 3121 4124 iis
3180 4049 3436 4133 armis

399 4184 838 4291 instructi,
909 4182 1006 4263 de
1065 4175 1362 4292 quibus
1420 4182 1752 4261 statim.

501 4322 556 4410 8
647 4320 941 4404 Omnes
985 4320 1362 4404 instructi
1411 4318 1693 4433 gladio
1737 4338 1990 4433 sunt,
2053 4322 2281 4423 docti
2320 4324 2677 4409 bellum:
2731 4326 3175 4438 unicuique
3216 4332 3429 4409 suus

393 4480 515 4549 est
567 4461 786 4551 ensis
845 4460 1088 4547 lateri
1145 4488 1296 4543 suo
1334 4523 1360 4570 ‚
1413 4462 1518 4543 ob
1577 4476 1878 4545 metum
1941 4465 2021 4545 in
2079 4466 2456 4549 noctibus
2494 4528 2514 4551 .

629 4604 887 4691 Arma
931 4606 1130 4689 haec
1173 4618 1374 4687 sunt
1431 4600 1730 4716 quibus
1771 4603 2136 4689 Ecclesia
2205 4638 2383 4694 sese
2442 4608 2547 4696 ab
2589 4611 2963 4729 hostibus
3020 4616 3191 4698 suis
3244 4627 3436 4695 tue-

399 4762 540 4833 tur
568 4815 594 4862 ‚
657 4768 742 4835 et
794 4752 966 4860 ejus
1029 4748 1350 4867 generis
1381 4812 1408 4859 ‚
1485 4749 1586 4830 de
1641 4776 1804 4863 quo
1859 4750 2068 4833 dixit
2119 4749 2555 4863 Apostolus
2601 4782 2623 4838 t
2686 4754 3081 4863 Accipite
3136 4775 3423 4837 arma·-

391 4904 664 4977 mram
710 4887 872 4978 Dei
899 4957 924 5006 ‚
972 4906 1065 4976 ut
1111 4893 1459 5004 possitis
1518 4893 1892 5003 resistere
1947 4893 2030 4975 in
2072 4892 2205 4977 die
2247 4898 2467 4977 malo
2502 4958 2525 5003 ,
2572 4908 2650 4978 et
2695 4897 2774 4977 in
2820 4895 3195 4979 omnibus
3230 4920 3431 5001 per-

369 5030 592 5151 fecti
643 5047 936 5157 stare.
995 5010 1478 5151 State'ergo
1535 5033 1938 5162 succincti
1989 5034 2315 5149 lumbos
2376 5049 2701 5145 vestros
2762 5036 2843 5121 in
2906 5037 3257 5165 veritate
3288 5046 3437 5157 ³,et

2320 5162 2498 5295 ee
