4500 6184
1429 380 2078 475 PsAnmus
2179 382 2484 470 LXV.
3186 414 3352 504 291

445 532 610 641 sit,
669 523 935 613 multa
987 541 1070 609 et
1124 522 1530 637 praeclara
1589 526 1982 609 dicuntur
2045 528 2211 633 (1).
2260 522 2555 610 Verbis
2618 523 2885 611 Patris
2964 554 3137 613 una
3192 535 3490 619 recita-

446 674 554 755 tis
585 733 610 780 ,
657 668 1022 753 Dilectae
1069 667 1414 751 Cantico
1474 668 1733 751 finem
1793 671 2238 779 imponunt
2295 670 2451 752 hoc
2513 671 2797 752 ordine
2827 729 2850 750 .
2900 668 3245 756 Primae
3289 672 3486 760 Vir-

439 815 675 929 gines
729 810 948 895 solae
1010 806 1366 925 (quihus
1437 836 1694 905 novas
1769 825 1953 919 post
2006 806 2613 891 Antichristum
2684 812 2811 891 fut
2830 840 3018 895 uras
3083 808 3480 902 Ecclesiae

441 954 820 1069 gentium
892 954 1478 1065 repraesentari
1549 954 1969 1058 diximus)
2045 980 2309 1066 quum
2366 951 2922 1065 superioribus
3000 952 3159 1037 Dei
3222 954 3481 1043 Patris

437 1094 716 1183 verbis
765 1098 1132 1179 futuram
1201 1092 1656 1201 earundem
1717 1094 2092 1209 gentium
2165 1092 2335 1203 jam
2393 1110 2579 1180 tum
2652 1102 3140 1209 promissam
3216 1101 3471 1187 fuisse

440 1239 1067 1325 conversionem
1141 1234 1790 1344 intellexissent,
1880 1236 2120 1316 enixe
2192 1252 2631 1343 precantur
2707 1237 2991 1325 Deum
3023 1305 3048 1351 ,
3126 1258 3221 1327 ut
3278 1240 3479 1333 haec

429 1383 863 1465 'conversio
921 1356 1334 1483 maturet,
1399 1402 1700 1489 eaeque
1759 1389 2041 1489 gentes
2104 1402 2439 1459 summo
2500 1402 2692 1461 cum
2748 1382 3119 1491 ipsarum
3178 1393 3475 1500 gaudio

439 1523 534 1605 in
591 1518 1040 1607 Ecclesiam
1096 1520 1294 1604 Jesu
1336 1518 1640 1602 Christi
1690 1517 2040 1601 Domini
2101 1519 2363 1599 nostri
2418 1518 2870 1603 afferantur
2918 1582 2938 1603 .
2984 1524 3475 1641 Virginibus

441 1662 1044 1749 conticentibus
1080 1727 1106 1773 ,
1181 1660 1432 1745 Filiae
1495 1658 2121 1775 Hierosolymae
2203 1659 2423 1745 solae
2512 1668 2787 1777 (quas
2855 1694 3094 1775 saepe
3156 1668 3475 1753 dictum

437 1826 562 1893 est
619 1826 926 1894 veteres
989 1836 1160 1891 esse
1218 1804 1690 1907 Ecclesias)
1783 1798 2479 1913 Sulammitham,
2568 1804 3085 1891 Christianos
3160 1810 3479 1895 scilicet

437 1948 828 2037 hebraeos
871 1950 1276 2035 Ecclesiae
1335 1952 1428 2030 in
1475 1948 1816 2031 Deserto
1861 1946 2388 2053 conjunctos,
2438 1950 3043 2033 moestissimos
3090 1944 3195 2033 ob
3242 1982 3473 2037 acer·-

436 2090 876 2177 bissimum
941 2119 1286 2175 suorum
1353 2118 1526 2173 una
1585 2117 1777 2173 cum
1837 2088 2343 2172 Antichristo
2402 2089 2573 2196 jam
2629 2093 3106 2200 proximum
3182 2122 3469 2177 casum

437 2252 526 2319 et
581 2237 992 2321 excidium
1024 2298 1047 2341 ‚
1111 2232 1638 2317 consolantur
1667 2296 1691 2341 ,
1753 2248 1836 2315 et.
1893 2232 2298 2340 excitant,
2346 2236 2757 2344 proposita
2817 2263 3127 2351 magna
3190 2239 3474 2353 digni-

435 2391 608 2459 tate
638 2438 662 2486 ,
727 2404 976 2489 quam
1033 2374 1366 2457 illorum
1419 2377 1946 2484 pereuntium
2004 2374 2207 2484 filii,
2256 2372 2561 2459 relictis
2622 2392 3063 2488 parentum
3122 2404 3470 2462 suorum

439 2496 878 2602 teterrimis
925 2518 1280 2603 consiliis
1314 2581 1338 2627 ,
1383 2516 2470 2632 susceptaque-sanctissima
2514 2519 2968 2603 christiana
3012 2519 3172 2599 fide
3204 2580 3230 2625 ,
3276 2514 3475 2601 ubi-

443 2688 604 2775 que
663 2663 1038 2775 gentium
1091 2674 1292 2743 sunt
1347 2662 1935 2771 consequuturi
2000 2660 2174 2763 (2).
2217 2655 2611 2740 Tandem
2674 2655 3238 2742 Sulammitha
3292 2662 3471 2749 sola

443 2806 862 2889 canticum
917 2801 1220 2885 claudit
1276 2830 1510 2911 prece
1541 2864 1566 2910 ,
1629 2816 1914 2911 petens
1971 2815 2070 2882 ut
2111 2816 2295 2881 tum
2354 2798 2583 2911 ipsa,
2638 2798 2795 2884 hoc
2854 2817 2979 2885 est
3036 2828 3235 2915 gens
3287 2802 3471 2885 He·-

409 2946 739 3055 hraea,
824 2959 1212 3055 perpetuo
1295 2970 1617 3027 memor
1699 2946 1806 3025 sit
1868 2943 2236 3024 nominis
2301 2939 2653 3023 Domini
2717 2938 2901 3052 Deiss
2958 2944 3217 3025 nostri
3274 2942 3471 3031 J'esu
3584 2994 3603 3011 ·

443 3088 804 3196 Christi,
861 3104 1048 3171 tum
1103 3116 1390 3171 omnes
1447 3086 1726 3198 populi
1771 3114 1963 3170 eum
2021 3087 2254 3192 juxta
2300 3081 2653 3166 Crucem
2707 3097 3097 3194 perpetuo
3154 3083 3468 3168 collau-

447 3230 647 3313 dent
705 3254 798 3309 ac
855 3224 1272 3311 celebrent
1331 3230 1446 3334 (3)
1485 3288 1504 3309 .
1573 3228 1726 3313 His
1787 3242 2379 3344 argumentum
2439 3224 2751 3310 Psalmi
2810 3242 3143 3342 totaque
3202 3228 3474 3311 conti-

443 3389 692 3456 netur
753 3394 1230 3450 oeconomia
1261 3424 1282 3448 .

559 3514 620 3597 6
701 3508 1076 3593 Psalmus
1135 3522 1260 3592 est
1313 3538 1589 3593 rerum
1671 3510 2246 3626 magnitudine
2293 3570 2318 3618 ,
2408 3510 2803 3623 dignitate
2849 3570 2874 3618 ,
2964 3512 3468 3619 praestantia

447 3650 1002 3737 nobilissimus
1036 3712 1061 3760 ,
1151 3665 1233 3732 et
1310 3667 1485 3733 tam
1567 3666 1751 3761 apta
1835 3650 2361 3761 dispositione
2446 3650 2847 3759 perfectus
2940 3664 3022 3733 et.
3092 3654 3467 3734 numeris

449 3790 838 3877 omnibus
911 3788 1384 3903 absolutus,
1447 3804 1542 3874 ut
1621 3789 1954 3875 frustra·
2008 3791 2423 3904 quidpiam
2504 3790 2781 3873 simile
2860 3819 3200 3906 quaeras
3258 3790 3475 3905 apud

451 3960 588 4031 eos
643 3934 1102 4047 prophanos
1165 3932 1660 4046 Scriptores,
1739 3932 1878 4050 qui
1965 3934 2579 4016 condendorum
2660 3952 3137 4046 poematum
3222 3936 3466 4021 laude

447 4073 812 4157 maxime
866 4076 1323 4160 floruerunt
1355 4140 1372 4159 .
1421 4076 1642 4162 Eum
1697 4110 1745 4163 a
1803 4073 2220 4192 quibusvis
2280 4080 2691 4194 regiarum
2730 4082 3216 4190 nuptiarum
3278 4080 3471 4162 ine-

447 4219 640 4327 ptiis
671 4280 696 4326 ,
779 4215 1074 4333 quibus
1133 4218 1379 4301 illum
1450 4236 1816 4305 recentes
1894 4217 2341 4330 Scriptores
2404 4221 2781 4304 infercire
2858 4223 3133 4305 conati
3208 4236 3412 4304 sunt
3442 4288 3468 4336 ,

453 4359 800 4443 omnino
865 4356 1300 4445 abhorrere
1332 4422 1358 4473 ,
1417 4362 1506 4447 hi
1563 4360 1706 4479 qui
1763 4380 2074 4451 attente
2132 4362 2409 4480 legent
2443 4426 2470 4476 ,
2527 4367 3056 4481 studioseque
3116 4364 3473 4451 medita-'-

1643 4532 1652 4541 ·
2093 4532 2143 4590 o
2187 4533 2248 4589 -ο
2308 4531 2371 4589 2

547 4844 638 4923 (ι)
690 4842 866 4907 vers.
907 4862 972 4917 9·
1017 4864 1216 4933 usque
1259 4844 1336 4914 ad
1385 4852 1488 4915 ιε.
2095 4848 2186 4933 (3)
2238 4846 2410 4914 vers.
2463 4858 2565 4917 ιε.

551 4956 642 5036 (2)
693 4952 872 5019 νοω.
917 4958 1012 5021 ⁸6.
1063 4972 1162 5030 17.
