4500 6184
1203 484 1376 543 που
1732 441 1767 450 ”
1900 485 1911 496 ·
2001 481 2105 536 ωε
2168 451 2446 538 Curres
2505 453 3056 538 metmtm
3115 451 3216 537 V.

1202 595 1381 681 Sul.
1452 619 1501 707 7
1586 587 1879 679 Indica
1920 596 2181 706 mihi,
2240 611 2328 679 tu
2389 627 2631 712 quem
2693 595 2962 712 diligit
3003 595 3286 679 anima
3339 621 3524 678 mea
3561 657 3586 706 ‚
3645 580 3791 677 'ubi
3819 610 4136 706 pastu-

1106 715 1127 734 *
1438 763 1646 845 ηις,
1707 737 1850 818 ubi
1902 737 2334 822 cubiturus
2395 739 2514 836 sis
2577 740 2657 821 in
2715 736 3050 822 meridie
3097 737 3120 820 1
3198 735 3440 822 Nom
3497 763 3671 852 qua
3723 737 3828 823 de
3867 767 4134 827 causa

1436 907 1581 964 ero
1641 892 1741 960 ut
1794 905 2011 992 quae
2075 874 2382 993 Greges
2430 881 2790 994 protegit
2831 878 3262 993 Sociorum
3327 893 3654 963 tuorum
3686 876 3733 963 ?

1330 1022 1925 1133 Sulammitha‚
1976 1023 2130 1106 hoc
2174 1039 2302 1108 est
2348 1021 2733 1108 Hebraea
2779 1051 2982 1139 gens
3027 1026 3268 1106 initio
3312 1025 3866 1107 conversionis
3907 1052 4134 1136 suae,

1093 1171 1497 1253 memoria
1574 1183 1947 1279 repetens
1982 1231 2005 1278 ,
2088 1145 2788 1282 uehementerque
2871 1169 3154 1253 dolens
3186 1233 3211 1278 ,
3263 1145 3568 1251 ‘veram
3628 1164 3786 1248 Dei
3847 1152 4138 1252 Eccle-

1089 1314 1305 1396 siam
1373 1341 1421 1394 a
1492 1306 1909 1393 veteribus
1966 1307 2302 1394 Judaeis
2380 1313 2778 1394 amissam
2853 1307 2960 1392 ob
3035 1315 3402 1422 ipsorum
3473 1307 4142 1394 incredulitatem

1070 1431 1348 1564 isuisse
1379 1514 1406 1562 ,
1468 1451 1965 1564 illorumque
2025 1467 2390 1563 posteros
2448 1482 2590 1562 per
2651 1465 2778 1532 tot
2850 1451 3121 1535 secula
3181 1454 3374 1536 inde
3433 1449 3538 1534 ab
3617 1481 3714 1534 eo
3769 1447 4140 1565 tempore

1104 1597 1194 1678 in
1270 1596 1559 1679 eadem
1630 1597 2207 1680 incredulitate
2281 1577 2942 1707 pertinacissime
2995 1597 3471 1704 ·mansisse⁷
3547 1595 3977 1709 indignam
4047 1625 4142 1679 se

1097 1753 1388 1848 put-at,
1454 1767 1661 1852 quae
1693 1803 1715 1847 ‚
1795 1755 2234 1853 postquam
2308 1755 2482 1824 tota
2553 1743 2806 1825 fidem
2867 1743 3319 1850 acceperit,
3403 1739 3768 1853 aliquam
3840 1733 4140 1821 habeat

1088 1882 1311 1966 inter
1369 1879 1769 1966 Ecclesias
1837 1881 2324 1964 christianas
2389 1883 2883 1996 dignitatem
2915 1945 2939 1990 ,
3007 1880 3214 1965 sitve
3273 1880 3443 1964 ulla
3501 1881 3934 1992 peculiaris
3997 1907 4136 1966 ec·-

1086 2023 1338 2107 clesia
1372 2089 1395 2135 ,
1461 2027 1694 2133 cujus
1757 2027 1863 2108 sit
1896 2090 1921 2134 ‚
1998 2027 2229 2109 more
2289 2043 2747 2110 ceterarum
2779 2090 2804 2134 ‚
2883 2041 3302 2138 protegere
3367 2029 3646 2138 greges
3723 2024 4138 2106 sociorum

1090 2165 1399 2250 Dilecti
1434 2230 1457 2277 ,
1522 2197 1823 2281 nempe
1880 2167 2218 2252 illorum
2281 2171 2424 2283 qui
2482 2168 2736 2279 ipsius
2796 2167 3287 2278 profitentur
3329 2165 3634 2274 fidem3
3699 2181 3781 2247 et
3839 2167 3932 2246 in
3979 2194 4140 2280 qua
4241 2271 4248 2278 ·

1090 2308 1500 2393 Dilectus·
1529 2311 1700 2420 ipse
1750 2325 2061 2420 poscat
2118 2326 2199 2395 et
2253 2313 2495 2397 cubet
2551 2315 2632 2400 in
2689 2310 3080 2421 meridie,
3117 2313 3124 2322 ’
3161 2313 3318 2394 hoc
3381 2327 3502 2394 est
3559 2312 3648 2392 in
3705 2323 3938 2391 tanta
3994 2305 4138 2390 illa

1088 2449 1581 2532 christianae
1645 2451 2073 2568 religionis
2132 2455 2365 2541 Luce
2399 2523 2423 2568 ,
2489 2487 2752 2572 quae,
2834 2460 3177 2571 receptis
3253 2458 3357 2539 ad
3427 2455 3656 2537 illam
3735 2446 4124 2536 omnihus

1089 2619 1419 2705 prorsus
1464 2588 1849 2706 gentibus
1881 2659 1909 2706 ‚
1968 2613 2145 2681 toto
2202 2616 2614 2682 terrarum
2661 2597 2857 2683 orbe
2901 2600 3305 2681 micatura
3350 2612 3474 2681 est
3504 2658 3524 2679 .
3573 2589 4134 2706 Quamobrem

1086 2737 1282 2820 satis
1344 2731 1657 2820 habens
1691 2800 1715 2846 ‚
1777 2740 1849 2820 si
1910 2741 2136 2821 norit
2194 2736 2344 2822 ubi
2422 2739 2794 2823 Dilectus
2853 2757 3228 2853 pasturus
3293 2736 3881 2853 cubiturusque
3955 2740 4062 2820 sit
4103 2800 4129 2847 ,

1096 2905 1261 2992 quo
1334 2907 1509 2962 sese
1582 2909 1775 2964 cum
1834 2881 1991 2966 «illo
2024 2885 2522 2998 consociet,
2581 2887 3018 3000 ipsumque
3073 2901 3522 3000 sequatur3
3585 2884 3672 2966 id
3727 2877 3890 2964 sihi
3933 2895 4128 2963 tan·

1090 3033 1278 3103 tum
1338 3039 1436 3104 ut
1496 3025 1965 3138 indicetur,
2029 3026 2443 3136 postulat3
2512 3027 2610 3109 de
2672 3043 2944 3112 cetero
3006 3028 3372 3110 maxime
3427 3023 3792 3109 sentiens
3825 3087 3851 3136 ,
3923 3019 4132 3106 nihil

1092 3156 1251 3243 sibi
1315 3169 1820 3250 esse.meriti
1883 3183 2027 3250 aut
2088 3197 2437 3279 causae,
2507 3197 2652 3252 cur
2695 3197 2867 3252 esse
2911 3169 3354 3282 aliquando
3417 3165 3709 3251 debeat
3765 3182 3863 3250 ut
3924 3195 4127 3281 quae

1096 3335 1375 3424 greges
1440 3288 2117 3394 Christianorum·
2162 3325 2598 3426 protegat,
2663 3312 3124 3418 cujusmodi
3183 3326 3382 3395 sunt
3441 3307 3825 3393 ecclesiae
3857 3369 3878 3392 .

1211 3449 1452 3534 Nom
1514 3482 1685 3567 qua
1742 3453 1845 3538 de
1926 3481 2195 3542 causa
2250 3484 2430 3542 ero.
2475 3469 2568 3538 ut
2624 3483 2840 3570 quoe
2905 3451 3210 3570 Greges
3289 3451 3648 3566 protegit
3701 3447 4128 3538 Sociorum

1094 3609 1423 3679 tuorum
1468 3591 1513 3680 ἲ
1582 3579 1863 3706 ῦςξζιῐ,
1943 3595 2161 3711 quod
2223 3595 2758 3712 Septuaginta
2816 3611 3244 3681 verterunt
3299 3594 3576 3713 μήποτε
3645 3595 4127 3710 nequandO,

1025 3859 1033 3866 ·
1097 3740 1502 3856 Vulgatus
1560 3771 1717 3852 ne,
1779 3745 2098 3853 proprie
2158 3745 2565 3859 significat
2617 3771 2808 3826 nam
2866 3770 3124 3857 quare
3191 3745 3362 3853 (1).
3412 3743 3574 3830 Pro
3631 3743 3943 3864 vagari
3997 3743 4128 3824 in-

1096 3889 1401 3998 cipiam
1452 3899 1649 3994 post
1700 3914 2017 4027 greges·
2052 3887 2468 3972 sodalium
2531 3901 2859 3971 tuorum
2898 3951 2920 3996 ,
2984 3917 3190 4002 quae
3251 3886 3498 3972 habet
3536 3887 3990 4004 VulgatuS‚
4037 3886 4128 3968 in

1098 4028 1485 4118 hebraico
1550 4044 1672 4112 est
1724 4057 1859 4111 ero
1924 4043 2014 4110 ut
2074 4032 2472 4115 obvelans
2508 4097 2532 4136 a
2579 4031 2706 4113 vel
2761 4031 3130 4140 operiens
3161 4095 3186 4139 ‚
3233 4030 3366 4114 vel
3422 4031 3816 4114 amiciens
3869 4029 4124 4135 (haec

1101 4176 1329 4260 enim
1408 4169 1761 4258 verbum
1835 4183 1991 4284 θρὶξ
2060 4177 2520 4292 significat)
2605 4180 2718 4285 (2)
2797 4201 3052 4283 super
3094 4200 3386 4289 greges
3443 4171 3872 4258 Sociorum
3935 4181 4126 4282 tuo-

1098 4349 1279 4406 rum
1317 4286 1352 4433 Χς
1439 4322 1916 4432 metaphora
1986 4351 2033 4405 a
2094 4323 2422 4436 gallinis
2499 4322 2796 4429 ducta,
2867 4349 3074 4434 quae
3131 4319 3278 4404 alis
3339 4317 3606 4428 pullos
3679 4344 3868 4401 suos
3929 4341 4128 4422 ope-

1102 4467 1333 4547 riunt
1362 4527 1385 4574 ‚
1455 4483 1536 4550 et
1594 4460 1697 4546 ah
1756 4465 2070 4546 insidiis
2142 4465 2544 4573 accipitris
2608 4477 3006 4572 tuentur3
3071 4491 3166 4546 ac
3222 4461 3450 4570 juxta
3509 4459 3716 4544 illud
3775 4457 4128 4541 Domini

1100 4607 1362 4693 nostri
1420 4609 1519 4687 ad
1582 4605 2203 4728 Hier-solymam
2248 4672 2276 4720 ‚
2367 4603 2698 4716 Quoties
2757 4602 2994 4687 volui
3047 4631 3542 4719 congregare
3567 4601 3818 4722 filios
3876 4613 4067 4682 tuos
4099 4659 4127 4710 ‚

1068 4727 1785 4862 ‘quemadmodum
1839 4747 2163 4865 gallina
2220 4760 2668 4864 congregat
2709 4747 2992 4860 pullos
3055 4772 3255 4832 suos
3313 4745 3472 4829 sub
3531 4745 3716 4830 alas
3773 4742 3890 4852 (3)
3929 4801 3950 4824 .

1192 5125 1277 5206 (ι)
1326 5119 1631 5186 Montald.
1678 5141 1821 5208 pag.
1874 5143 2061 5200 1494.
2673 5131 2681 5141 “
2743 5125 2832 5207 (3)
2883 5119 3099 5190 Matth.
3147 5119 3386 5186 XXIII.
3431 5138 3540 5204 37.

1190 5236 1281 5319 (ι)
1334 5234 1514 5299 Idem
1556 5250 1697 5322 pag.
1744 5253 1895 5316 939·
