4500 6184
1349 490 1989 579 PsA'Lmus
2089 490 2391 579 XLV.
3098 496 3269 607 287

363 660 590 717 mere
645 628 1210 743 propheticum
1268 646 1778 745 statuerunt,
1844 662 2128 747 eoque·
2159 631 2549 717 celebrari
2608 632 3068 743 spirituales
3132 638 3383 719 dum-

363 790 590 861 taxat
649 771 950 856 Christi
1013 786 1092 855 et
1153 768 1558 855 Ecclesiae
1615 764 2000 883 nuptias,
2079 773 2606 885 ejusdemque
2666 778 3133 887 argumenti
3210 806 3380 861 esse

361 946 456 999 ac
517 916 959 996 Canticum
1020 912 1616 996 Canticorum:
1709 917 1846 997 alii
1931 917 2413 1000 historicum
2496 916 2747 1005 simul
2823 930 2905 999 et
2960 918 3378 1028 propheti-

363 1084 559 1137 cum
621 1085 858 1141 esse:
921 1086 1132 1171 quae
1187 1062 1598 1140 sententia
1665 1057 2252 1143 recentioribus
2320 1063 2413 1141 in
2470 1063 2758 1170 primis
2820 1061 3092 1143 arrisit
3136 1116 3157 1137 .
3224 1052 3387 1147 Sed

365 1196 466 1281 de
524 1202 860 1287 historia
905 1228 1151 1312 quam
1195 1200 1617 1315 affingant.
1653 1200 1978 1285 Psalmo
2009 1268 2032 1311 ⁷
2083 1220 2454 1287 constare
2512 1206 2728 1285 inter
2788 1201 2965 1285 illos
3016 1203 3381 1315 Scripto-

364 1371 491 1427 res
567 1372 745 1425 non
815 1342 1131 1452 potuit.
1207 1340 1438 1427 Nam
1509 1343 1647 1427 alii
1719 1348 1821 1427 ad
1881 1343 2444 1429 Abrahamum
2520 1363 2602 1430 et
2662 1346 3003 1456 saram,
3081 1346 3215 1430 alii
3286 1348 3391 1431 ad

368 1487 782 1571 Davidem
842 1501 924 1567 et
979 1482 1569 1597 Bethsaheam‚
1614 1486 1784 1571 .alii
1843 1491 1945 1571 ad
2012 1486 2540 1573 Salomonem
2621 1506 2702 1572 et
2762 1487 3208 1571 Pharaonis
3280 1490 3389 1570 fi·-

365 1626 574 1747 liam
619 1690 642 1736 ‚
719 1628 854 1710 alii
938 1630 1040 1711 ad
1112 1627 1560 1712 Assuerum
1629 1626 2224 1745 Estheramque
2294 1664 2379 1717 se
2454 1634 2990 1716 contulerunt
3031 1695 3054 1738 ‚
3130 1630 3389 1714 veluti

359 1797 512 1877 pro
569 1796 658 1849 se
719 1772 1019 1883 quique
1079 1766 1596 1854 obsecrantes
1629 1833 1652 1878 ‚
1696 1786 1791 1852 ut
1851 1801 2140 1855 eorum
2181 1778 2509 1883 nuptias
2558 1769 2949 1855 celebrari
3011 1774 3165 1883 hoc
3206 1804 3389 1855 car-

361 1909 598 1989 mine
649 1911 910 1991 velint
967 1907 1517 2025 jubeantque.
1565 1910 1668 1995 In
1725 1942 1882 2026 quo
1929 1916 2261 2027 quidem
2320 1911 2642 1997 ambitu
2703 1914 2821 1995 illi
2880 1915 3188 2018 majore
3232 1916 3392 1999 <lu-.-

362 2054 470 2132 cti
533 2080 674 2162 spe
735 2052 981 2133 fuisse
1034 2052 1420 2134 videntur
1473 2054 1619 2163 qui
1686 2050 2216 2134 Salomonem
2278 2069 2358 2135 et
2402 2054 2837 2167 Virginem
2896 2048 3391 2165 Aegyptiam

365 2208 998 2301 convenerunt3
1072 2224 1120 2275 a
1179 2190 1475 2306 quibus
1537 2223 1699 2309 quo
1773 2194 2088 2276 facilius
2166 2196 2670 2303 impetrent,
2747 2218 2923 2275 sese
2975 2189 3391 2299 duplicem

354 2358 694 2414 sensum
779 2332 1174 2415 literalem
1262 2330 1562 2444 afferre
1637 2334 2183 2451 profitentur-3
2273 2336 2625 2417 alterum
2694 2332 3174 2437 historicum
3248 2329 3397 2444 qui

357 2498 602 2553 mera
657 2472 777 2553 rei
799 2470 1107 2590 figura
1148 2473 1313 2581 sit,
1358 2474 1692 2581 nuptias
1735 2473 2046 2557 scilicet
2087 2471 2561 2556 Salomonis
2606 2500 2795 2557 cum
2836 2472 3053 2586 regis
3093 2472 3406 2586 Aegy-

337 2611 473 2720 pti
491 2610 783 2730 filia,
845 2612 1196 2695 alterum
1263 2615 1874 2723 sublimiorem,
1935 2614 2082 2725 qui
2133 2638 2263 2694 res
2323 2613 2511 2720 ipsa
2567 2614 2735 2721 sit,
2808 2614 3051 2714 cujus
3112 2614 3231 2697 rei
3253 2612 3396 2731 fi-

336 2772 556 2868 gura
630 2754 710 2834 in
755 2751 1191 2836 Salomone
1223 2816 1246 2860 ‚
1291 2754 1601 2836 veritas
1663 2754 1744 2834 in
1798 2748 2110 2835 Christe·
2163 2766 2242 2833 et
2288 2749 2725 2837 Ecclesiae
2780 2754 3089 2861 nuptiis
3153 2752 3394 2834 exhi-

345 2894 518 2981 bita
593 2911 714 2978 est
779 2898 960 3001 (1).
1029 2893 1267 2975 Huic
1324 2880 1782 2975 sententiae
1837 2893 2312 3002 Calmetus,
2372 2895 2603 2999 cujus
2664 2922 2757 2975 ea
2798 2888 3067 2975 'verba
3126 2907 3323 2973 sunt
3370 2970 3397 3015 ,

349 3037 898 3148 adstipulator
953 3038 1346 3143 accessit;
1407 3061 1664 3147 eaque
1713 3048 1836 3115 est
1893 3059 2146 3146 quam
2204 3036 2697 3116 recentiores
2763 3034 3130 3115 maxime
3203 3062 3401 3144 pro-

347 3174 576 3263 hant
609 3237 630 3260 .

488 3320 552 3401 92
663 3316 889 3400 Haec
947 3321 1224 3401 omnia
1283 3320 1696 3435 regiarum
1745 3313 2240 3428 'nuptiarum
2315 3323 2634 3403 somnia
2668 3382 2695 3427 ,
2768 3322 3107 3432 ipsaque
3166 3314 3445 3400 valde'

366 3474 757 3569 suspecta
817 3462 1126 3574 gemini
1199 3460 1532 3544 literalis
1609 3474 1900 3545 sensus
1953 3480 2429 3545 commenta
2498 3456 2889 3545 Truncus
2960 3491 3011 3543 a
3074 3458 3403 3543 Psalmo

371 3630 634 3716 quam
699 3602 1184 3715 longissime
1257 3621 1532 3712 arcet,
1605 3622 2160 3718 perpetuoque
2245 3604 2577 3689 exulare
2648 3601 2877 3711 jubet
2909 3664 2932 3682 .
3006 3598 3403 3717 Idemque

376 3742 680 3825 accidit
741 3740 1314 3825 Rabbinorum
1367 3746 1786 3855 opinioni,
1845 3746 1982 3857 qui
2039 3738 2467 3829 Psalmum
2526 3774 2571 3827 a
2614 3744 2897 3827 Corae·
2930 3743 3121 3825 filiis
3176 3738 3406 3827 Mosi

352 3883 1026 3999 senioribusque
1075 3890 1508 3969 cantatum
1548 3888 1798 3970 fuisse
1856 3888 2299 3969 voluerunt
2330 3948 2350 3967 .
2394 3884 2775 3968 Multum
2818 3886 3071 3967 etiam
3118 3878 3413 3965 Trun-

357 4034 536 4109 'cus
602 4028 698 4107 de
760 4031 1152 4139 opinione
1209 4032 1424 4114 delet
1482 4030 1769 4115 e'o'rum
1831 4032 1970 4144 qui
2027 4026 2677 4137 Epithalamium
2748 4054 2919 4109 esse
2980 4024 3410 4105 existima-'-

383 4178 598 4247 runt
631 4224 651 4244 .
685 4165 944 4251 ·Nam
999 4170 1338 4253 Patrum
1395 4175 1800 4257 sententia
1836 4235 1860 4281 ‚
1922 4174 2059 4285 qui
2119 4180 2297 4253 n'on
2353 4172 2611 4284 regias
2684 4168 3127 4249 hominum
3162 4226 3189 4271 ‚
3266 4162 3411 4244 sed

360 4306 848 4417 spirituales
907 4328 1238 4393 tantum
1281 4314 1582 4397 Christi
1643 4328 1726 4395 et
1767 4310 2174 4395 Ecclesiae
2233 4309 2559 4420 nuptias
2618 4310 2713 4389 in
2756 4302 3088 4387 Psalmo
3147 4330 3411 4415 agno-

381 4468 698 4535 verunt
729 4514 753 4561 ‚
839 4457 1268 4539 verissima
1353 4460 1682 4571 quidem
1723 4466 1864 4541 'est
1897 4518 1935 4565 2
2027 4469 2108 4538 et
2179 4481 2313 4535 eos
2348 4516 2376 4562 7
2448 4451 2745 4533 relictis
2822 4437 3412 4529 recentior-ibus

374 4588 666 4674 debito
741 4611 934 4678 ante
1003 4596 1318 4679 honore
1391 4597 1880 4705 cumulatis,
1960 4596 2189 4707 sequi
2258 4594 2707 4708 gloriamur
2764 4590 3067 4694 duces;
3120 4602 3416 4697 'angu-

377 4730 605 4813 stior
665 4747 952 4818 tamen
1022 4752 1144 4822 est
1213 4752 1470 4853 quam'
1530 4767 1753 4859 quae·
1806 4752 2118 4852 totum·
2150 4740 2743 4852 complectatur
2824 4741 3415 4845 argumentum

471 5054 568 5140 (ι)
617 5018 1115 5129 cumea-me:
