4500 6184
1171 470 1332 575 xvi

1248 645 1394 699 runt
1442 615 1976 714 explanatione,
2019 635 2190 712 quae
2238 611 2739 690 nobilissimum
2788 613 3041 698 simul,
3098 614 3759 710 pulcherrimumque
3816 620 4095 698 carme·

1243 745 1700 822 brennaticum
1747 742 2073 822 exhibet,
2139 739 2256 812 ubi
2305 737 2575 842 quidem
2640 737 2751 809 vel
2806 738 2967 830 ipsis
3024 737 3353 820 vocibus,
3407 740 3531 811 sub
3578 759 3871 831 quorum
3926 760 4084 812 cor·

1249 867 1398 939 tice
1445 865 1702 939 lascivis
1733 912 1755 947 ,
1805 883 1919 936 aut
1965 885 2202 956 parum
2258 861 2473 935 doctis
2524 859 2969 941 hominibus,
3044 857 3348 930 indecori
3426 859 3675 950 aliquid
3750 877 3941 932 antea
3989 857 4095 932 124

1253 1005 1404 1060 tere
1453 986 1858 1066 videbatur,
1932 975 2248 1080 germana
2297 963 2414 1056 sua
2462 983 2818 1060 honestas,
2891 1001 2969 1052 ac
3014 978 3323 1052 sanctitas
3376 979 3643 1052 adserta
3689 999 3787 1052 est
3822 1003 3846 1052 s
3925 976 4099 1052 nihil

1253 1109 1524 1186 tandem
1577 1107 1662 1178 dc
1693 1181 1696 1186 ,
1727 1103 2059 1178 sermonis
2087 1149 2108 1185 ,
2163 1100 2783 1192 sententiarumque
2830 1097 3351 1192 perspicuitate,
3400 1121 3473 1173 ac
3534 1095 3875 1176 soliditate
3907 1146 3932 1182 ,
3964 1121 4098 1194 qua

1254 1228 1355 1301 sic
1407 1223 1699 1320 implexa
1745 1241 2160 1320 pertractat,
2233 1243 2313 1297 ut
2360 1224 2660 1306 enodet,
2728 1224 2823 1297 sic
2875 1222 3119 1305 docet,
3172 1241 3250 1294 ut
3296 1227 3742 1318 persuadeat,
3817 1223 3912 1298 sic
3962 1249 4120 1320 pu-.

1259 1369 1474 1448 gnat,
1518 1364 1624 1422 ut
1641 1347 1913 1421 vincat.
1969 1343 2166 1440 Quae
2211 1341 2532 1439 profecto
2576 1342 2811 1418 omnia
2862 1360 3042 1418 tanta
3088 1343 3239 1418 luce
3284 1367 3402 1418 sua
3450 1347 3769 1441 fulgent,
3818 1359 3894 1418 ut
3928 1343 4097 1418 alie·
4176 1347 4185 1356 '

1260 1497 1348 1546 na
1401 1493 1543 1545 non
1595 1470 1992 1565 indigeant.

1063 1593 1248 1670 Hinc
1295 1615 1473 1685 opus
1523 1615 1670 1663 non
1724 1590 1940 1663 modo
2009 1593 2094 1664 ab
2141 1590 2389 1673 omni,
2436 1592 2549 1662 vel
2594 1587 2933 1669 levissima
2980 1588 3233 1663 erroris
3298 1587 3700 1682 suspicione
3747 1607 4090 1675 vacuum,

1261 1713 1629 1806 praeloque
1707 1708 2176 1803 dignissimum
2227 1731 2521 1791 cense03
2601 1727 2669 1782 at
2718 1707 2917 1781 etiam
2973 1708 3349 1834 Religioni
3387 1731 3799 1805 magnopere
3848 1715 4014 1789 utile
4068 1735 4097 1771 2

1259 1829 1682 1923 Sapientibus
1727 1852 1898 1903 vero
1949 1832 2483 1922 acceptissimum
2536 1829 2688 1906 fore
2731 1831 3054 1904 confido.

1065 1951 1336 2028 Dabam
1387 1976 1474 2026 ex
1523 1953 1822 2027 Aedibus
1875 1954 1940 2029 S.
1979 1954 2221 2027 Caroli
2273 1954 2353 2026 ad
2398 1952 2783 2028 Catinarioa
2827 1954 2937 2026 die
2984 1973 3080 2025 ao
3132 1951 3382 2048 Aprilis
3438 1957 3651 2030 1808.

1655 2205 1742 2274 D.
1767 2197 2085 2295 ,aloysius
2127 2194 2626 2269 lambruscbiui
2674 2194 2769 2266 ct.
2788 2203 2939 2286 Reg.
2974 2201 3039 2266 S.
3062 2196 3262 2269 Pauli
3288 2243 3313 2278 ,
3380 2205 3615 2271 Sacrae
3646 2201 4048 2298 -rheotogiae
4068 2243 4097 2282 ,

1853 2335 1922 2393 et
1970 2323 2250 2416 Linguae
2296 2329 2571 2394 sanctae
2616 2313 2991 2405 Professor·

1065 2564 1311 2666 Quum
1387 2566 1557 2641 duae
1629 2589 1736 2642 res
1809 2569 1995 2653 sint,
2074 2561 2148 2641 u}
2197 2571 2271 2642 6.
2300 2564 2711 2662 Augustinus
2762 2576 3055 2640 monet,
3134 2557 3274 2649 (de
3326 2559 3655 2632 Doctrina
3704 2559 4089 2680 Christiana

1227 2685 1420 2759 Lib·
1457 2687 1518 2760 1.
1557 2689 1732 2783 Cap.
1767 2683 1890 2783 1.)
1931 2685 2164 2790 quibus
2213 2692 2453 2763 nititur
2495 2686 2721 2762 omnis
2772 2683 3083 2756 tractatio
3127 2682 3665 2778 scripturarum,
3724 2685 3943 2754 modas
3990 2676 4097 2753 in.-

1253 2809 1566 2881 venienda·
1635 2830 1800 2906 quae
1865 2812 2293 2905 intelligenda
2358 2823 2553 2893 sunt,
2632 2822 2699 2881 et
2746 2809 2965 2880 modas
3034 2802 3463 2903 proferendi,
3536 2826 3731 2901 quae
3722 2794 4087 2880 inte-ilecto

1255 2943 1408 3002 sunt
1449 2953 1474 3002 a
1521 2947 1874 3023 utramque
1927 2931 2188 3008 Vir.cl.
2225 2928 2645 3005 Franciscum
2704 2926 2984 2998 Baldum
3040 2921 3305 3020 egregie
3359 2925 3759 3016 praestitisse
3822 2929 3893 2998 iri
3943 2931 4093 3010 eius

1254 3053 1495 3144 Opere
1521 3049 1700 3133 ,aeui
1751 3050 1980 3140 titulus
2015 3070 2174 3132 esta
2220 3053 2697 3147 incognitorum
2746 3046 3052 3120 haetenus
3106 3048 3569 3120 vaticinatorum
3614 3049 3693 3118 d'e
3746 3035 3945 3119 Cru'cc
3996 3051 4086 3123 ad

1253 3171 1450 3244 Pium
1503 3179 1642 3242 Vll.
1693 3181 1889 3245 Pone.
1951 3180 2138 3246 Max.
2188 3173 2655 3270 Interpretaetio
2726 3191 2809 3246 ex
2858 3166 3147 3241 Hebraeo
3176 3217 3199 3252 ,
3274 3181 3339 3240 ee
3410 3169 3781 3240 Dec-larario
3816 3218 3841 3253 ,
3918 3170 4087 3245 mihi

1257 3295 1508 3367 videor
1541 3314 1736 3384 posse
1772 3311 1841 3364 ct
1885 3292 2032 3364 sine
2061 3311 2240 3366 metu
2296 3293 2546 3366 erroris
2570 3337 2593 3372 ,
2626 3308 2697 3364 et
2724 3291 2886 3364 ‘sine
2936 3290 3408 3363 adsentationis
3444 3291 3754 3384 periculo
3808 3295 4087 3368 testari.

1255 3417 1340 3492 Id
1385 3433 1608 3488 autem
1661 3413 1880 3504 ipsum
1917 3413 2064 3486 aliis
2115 3413 2393 3506 perinde
2422 3413 2640 3486 visum
2695 3413 2779 3484 iri
2834 3435 2971 3486 non
3026 3413 3320 3494 dubito,
3372 3414 3774 3508 quicumque
3826 3393 4089 3496 attento

1261 3536 1434 3612 illud
1468 3585 1491 3620 ,
1537 3551 1611 3606 ut
1662 3555 1782 3626 par
1830 3550 1978 3615 eat,
2027 3533 2261 3610 animo
2300 3579 2323 3614 ,
2396 3549 2465 3606 et
2512 3529 2977 3625 praejudicatis
3029 3531 3479 3625 opinionibus
3527 3557 3794 3618 vacuo,
3856 3540 4093 3630 perle-

1105 3707 1116 3716 ·
1263 3655 1538 3750 gerint,
1588 3672 1658 3724 et
1707 3675 1860 3726 cum
1911 3652 2158 3726 eximia
2208 3655 2327 3726 illa·
2370 3653 2613 3746 optimi
2650 3653 3139 3747 scripturarum
3195 3655 3591 3748 interpretis
3634 3657 3911 3748 specie',
3985 3676 4091 3732 at·

1077 3802 1088 3816 ·
1217 3796 1389 3868 ·que
1443 3775 1710 3854 forma,
1759 3795 1956 3864 quam
2013 3775 2258 3848 ibidem
2312 3776 2775 3852 sanctissimus
2822 3779 3090 3852 Doctor
3140 3777 3451 3872 effingit,
3503 3763 3865 3872 diligenter
3912 3803 4087 3854 con-

1265 3892 1594 3966 tulerint.
1643 3891 1838 3964 Nihil
1885 3895 2134 3989 quippe
2187 3920 2475 3980 eorum,
2550 3921 2717 3994 quae
2768 3901 2849 3972 ad
2900 3899 3329 3973 absconditos
3364 3947 3387 3982 ,
3454 3901 3601 3972 aive
3652 3883 4087 3990 perscrutan-

1255 4013 1440 4094 dos,
1518 4013 1661 4086 sive
1711 4017 2208 4106 exponendos,
2283 4017 2543 4091 illarum
2596 4041 2829 4096 sensus,
2880 4018 3245 4092 necessaria
3296 4018 3388 4090 ibi
3453 4007 3937 4104 adstruuntur,
4014 4019 4084 4092 in

1267 4139 1572 4210 Auctore
1621 4137 1888 4208 Nostro
1937 4135 2293 4208 desiderari
2344 4138 2817 4228 comperient3
2874 4161 3012 4209 non
3067 4136 3377 4230 pietatem
3431 4139 3827 4234 flagrantem
3862 4189 3885 4225 ,
3935 4163 4079 4218 uon

1259 4255 1540 4330 criticen
1596 4275 1892 4328 exactam
1924 4299 1955 4336 ,¹
2018 4281 2160 4330 non
2211 4257 2653 4331 ratiocinandi
2704 4260 2844 4333 vim
2894 4260 3289 4352 exquisitam
3320 4307 3343 4340 ,
3408 4281 3559 4332 non·
3622 4261 4065 4355 plurimarum

1257 4397 1490 4448 rerum
1536 4374 2053 4468 cognitionem,
2104 4400 2245 4452 non
2296 4378 2676 4475 linguarum
2730 4382 3069 4454 scientiam
3120 4383 3596 4475 penitissimam
3633 4431 3655 4465 ,
3706 4406 3846 4455 non
3902 4380 4093 4455 deni·

1254 4517 1388 4589 que
1437 4495 1896 4587 eloquentiam
1931 4495 2321 4573 divinorum
2374 4498 2811 4595 eloquiorum
2864 4502 3223 4595 dignitati,
3254 4521 3449 4597 atque
3494 4503 3857 4576 e‘x'celsitati
3910 4527 4088 4578 con·

1259 4635 1662 4711 gruentema
1713 4639 2010 4714 quorum
2053 4616 2379 4695 nimirum
2414 4625 2729 4698 omnium
2778 4625 3010 4697 nobile
3058 4623 3459 4716 iampridem
3498 4623 3838 4720 specimen
3886 4609 4091 4716 praefi-

1263 4737 1535 4810 miserat
1584 4738 1654 4810 in
1707 4742 1925 4814 altero
1983 4763 2111 4814 suo
2161 4742 2535 4836 percelebri
2584 4744 2946 4837 Opusculo
3022 4745 3101 4812 de
3148 4742 3491 4842 ..spologia
3541 4743 3915 4816 catholicae
3962 4753 4089 4832 Rc-

1171 4865 1178 4872 ’
1267 4859 1580 4954 Hgiom‘s.
1658 4861 1784 4934 His
1832 4883 2051 4955 porro
2115 4863 2465 4957 praesidiis
2536 4861 3087 4936 instructissimus
3143 4864 3309 4945 Vir,
3363 4879 3433 4933 et
3504 4864 3635 4943 iam
3708 4883 3817 4938 tot
3870 4887 4083 4944 annos

1269 4980 1630 5058 Sacrorum
1677 4983 2042 5062 Librorum
2092 4986 2371 5072 studio,
2420 5007 2497 5064 ac
2542 4985 2961 5064 meditationi
3012 4987 3210 5061 unice
3256 4987 3517 5063 deditus
3546 5035 3569 5074 ,
3622 5012 3761 5067 non
3812 4973 4087 5084 poterat
