4500 6184
1043 438 1411 528 emme.
1448 437 1700 527 Scau.
1721 439 1884 526 ΙΙΙ.
1919 440 2118 527 cu.
2153 444 2257 531 V.
2308 444 2681 537 Dncmz.
2956 556 2961 561 ‚
3096 449 3271 571 2'55

362 586 667 674 scentis
729 586 808 668 in
837 584 1156 694 palma
1164 580 1534 696 finctus
1595 585 2116 668 involucrum
2185 590 2361 694 (ι);
2410 617 2571 702 qua
2629 592 2925 679 ultima
2978 594 3399 715 significa-

365 732 594 813 tione
655 726 1109 813 adhibitam
1169 758 1217 811 a
1278 727 1812 851 Septuaginta
1871 728 2118 813 fuisse
2153 792 2176 839 ,
2238 748 2523 817 auctor·
2582 752 2703 817 est
2765 736 3397 856 Hieronymus,

364 874 508 983 qui
566 886 662 955 ut
735 901 920 959 eam
982 872 1415 983 explicaret
1447 935 1474 981 ‚
1556 873 1717 953 duo
1779 869 2024 954 vei-ba
2101 874 2395 980 adjecit
2451 876 2671 964 sicut
2735 879 2993 965 elatae
3053 883 3413 991 palma-⁶

361 1034 548 1093 rum
587 1076 612 1124 ,
675 1029 772 1097 ut
827 1015 920 1097 in
976 1016 1334 1129 Vulgata
1393 1014 1840 1131 leguntur3
1907 1043 2114 1130 quae
2171 1045 2325 1101 nec
2383 1022 2597 1132 apud
2662 1020 3084 1107 Hebraeos
3140 1036 3343 1109 sunt
3374 1088 3441 1139 ‚.

366 1184 525 1241 nec·
615 1160 834 1272 apud
909 1157 1444 1273 Septuaginta
1487 1219 1508 1240 .
1599 1157 1760 1244 Sed
1832 1160 1932 1241 de
2020 1189 2216 1245 voce
2286 1158 2687 1323 hebraica
2758 1167 2945 1251 vide
3019 1163 3439 1259 Manub-

371 1298 600 1383 du'm
647 1307 823 1409 (2).
1519 1318 1533 1325 “

403 1466 415 1478 ·
499 1472 612 1529 12
689 1441 944 1535 Oculi
1029 1446 1212 1551 ejus
1287 1452 1400 1531 ut
1435 1448 1868 1576 columbae
1923 1460 2118 1531 sunt
2159 1444 2427 1551 juxta
2484 1446 2717 1533 rivos·
2772 1475 3047 1563 aquae
3098 1449 3415 1535 lavan-

595 1606 642 1663 '3
723 1603 848 1673 tes
905 1614 1099 1673 sese
1141 1590 1224 1671 in
1281 1591 1557 1703 lacte,
1618 1590 2062 1675 insidentes
2122 1619 2386 1706 usque
2442 1591 2556 1675 acl
2594 1597 3119 1677 satietatem.

489 1740 500 1751 '
609 1730 928 1849 Nigrae
987 1734 1421 1819 oculorum
1461 1738 1633 1845 ejus
1701 1736 2057 1847 pupillae
2119 1736 2212 1819 in
2270 1737 2635 1845 ipsarum
2680 1733 2866 1817 albo
2918 1753 3093 1819 tam
3150 1736 3443 1853 laetae·

366 1870 834 1989 hilaresque
909 1893 1108 1961 sunt
1137 1942 1161 1987 ,
1239 1895 1324 1963 et
1392 1894 1570 1963 tam
1632 1870 2040 1963 delectant
2113 1880 2525 1987 inspectae
2555 1939 2585 1986 ,
2661 1904 2913 1991 quam
2984 1875 3415 1963 columbae

365 2018 606 2126 juxta
679 2022 898 2103 rivos
971 2044 1228 2132 aquae
1302 2022 1927 2104 amoenissimos
1959 2080 1984 2129 ,
2068 2045 2277 2133 quae
2333 2045 2505 2101 sese
2580 2020 2671 2099 in
2730 2018 2991 2130 lacte,
3074 2021 3231 2104 hoo
3290 2036 3415 2107 est

370 2158 468 2241 in
555 2191 768 2276 aqua
841 2182 1132 2249 eorum
1206 2167 1648 2277 purissima
1725 2180 1807 2249 et
1882 2162 2457 2271 limpidissima
2522 2160 2801 2246 lavent
2844 2223 2869 2273 ‚
2958 2162 3419 2247 insidentes

371 2304 571 2431 ripis
633 2332 894 2420 usque
950 2308 1054 2390 ad
1109 2307 2551 2389 satietatem..

502 2448 620 2535 13
706 2442 983 2533 Genae
1053 2446 1278 2531 illius
1355 2460 1448 2529 ut
1519 2444 1850 2531 areolae
1926 2456 2126 2527 sunt
2178 2432 2641 2557 aromatis,
2708 2444 3157 2531 turriculae
3220 2448 3421 2562 pig-

731 2590 1382 2675 mentariorum.
1481 2598 1488 2606 '

619 2726 848 2813 Tam
907 2742 1182 2844 gratae
1243 2746 1443 2815 sunt
1499 2728 1919 2841 aspectui,
1979 2742 2155 2811 tam
2213 2728 2619 2835 jucundae
2649 2790 2678 2841 ,
2754 2745 2997 2843 atque
3060 2754 3347 2813 suaves
3386 2788 3422 2839 ‚

375 2894 642 2987 quam
696 2884 894 2955 sunt
953 2870 1268 2955 areolae
1336 2869 1477 2957 ubi
1542 2880 2097 2958 conseruntur
2151 2890 2513 2993 aromata
2546 2938 2573 2987 ‚
2654 2903 2905 2990 quam
2976 2887 3203 2957 sunt.
3235 2886 3421 2955 tur-

377 3012 696 3099 riculae
783 3014 1077 3124 phialis
1171 3022 1605 3130 'unguenta
1691 3020 2040 3129 pretiosa
2125 3014 2747 3101 continentibus
2856 3016 3271 3130 eleganter
3374 3039 3427 3093 a

381 3161 960 3278 pigmentariis
1039 3175 1397 3246 structae
1429 3222 1452 3247 .
1507 3154 2040 3247 'Turriculae
2108 3138 2385 3273 Πὶθῃὶξ
2462 3164 2563 3245 de
2622 3189 2785 3274 qua
2840 3188 3040 3242 voce
3070 3220 3097 3267 ,
3162 3158 3429 3271 deque
3542 3158 3549 3165 ’

385 3308 835 3423 Vulgatip
823 3322 940 3389 ·et
1001 3302 1535 3419 Septuaginta
1597 3301 2104 3389 versionibus
2160 3306 2293 3386 adi
2357 3300 2893 3387 Montaldum
2950 3306 3073 3413 (3)
3110 3363 3130 3385 .

411 3446 755 3535 -Illius
805 3450 1049 3533 labia
1113 3467 1312 3535 sunt
1364 3450 1599 3560 lilia3
1630 3446 1920 3572 fluida
1977 3448 2295 3530 stillant
2352 3444 2760 3558 myrrha.

637 3590 972 3703 Duplex
1032 3593 1146 3673 ait
1199 3592 1336 3675 hic
1396 3590 1814 3677 Calmetus
1873 3620 2046 3675 esse
2107 3590 2475 3673 liliorum
2532 3615 2849 3702 genae,
2926 3542 3371 3667 candidum
3402 3645 3433 3696 ,

393 3748 504 3829 et
569 3728 1182 3845 rubicundum.
1273 3730 1434 3817 Sed
1501 3736 1572 3815 si
1645 3728 2054 3817 coloribus
2125 3756 2426 3847 genera
2496 3708 3083 3842 distinguenda
3169 3739 3429 3837 sunt,

389 3876 670 3959 multo
727 3874 960 3985 plura
1021 3891 1268 3957 erunt
1333 3877 1507 3981 (4).
1556 3872 1944 3958 Rubrum
2005 3888 2179 3979 est,
2241 3885 2689 3981 antequam
2747 3870 3089 3951 omnino
3150 3867 3446 3981 exclu-

391 4044 594 4099 sum
669 4017 832 4128 sit,
895 4016 1104 4099 illud
1178 4018 1394 4130 quod
1465 4046 1514 4099 a
1569 4017 1950 4100 Linnaeo
2006 4015 2492 4127 Amaryllis
2564 4026 2999 4097 atamasco
3037 4012 3429 4104 dicitur.

397 4078 832 4267 Rubram’
877 4161 1081 4241 item
1170 4160 1559 4245 corollam
1641 4156 1888 4245 habet
1969 4158 2175 4241 illud
2248 4157 2471 4272 quod
2546 4152 2649 4238 ab
2726 4154 3041 4255 eodem,
3098 4162 3439 4233 vocatur

397 4280 894 4413 Amarjffli's
961 4298 1582 4415 jbr'mosissima
1655 4361 1675 4383 .
1767 4298 1934 4383 ‘His
1977 4362 2004 4415 ,
2106 4314 2248 4386 aut
2336 4298 2639 4383 horum
2722 4277 3132 4381 similibus
3219 4282 3443 4415 labia

402 4430 709 4523 Dilecti
780 4429 1338 4530 Sulammitha
1397 4450 1812 4557 comparat
1843 4502 1866 4527 .
1981 4446 1992 4453 '

507 4840 600 4925 (ι)
649 4840 810 4906 Vide
853 4841 1215 4915 Dioseotid.
1256 4840 1394 4911 Lib.
1443 4840 1501 4913 1.
1548 4856 1694 4921 151.
2071 4840 2162 4917 (4)
2212 4837 2354 4901 vid.
2402 4834 2677 4903 Bomatii
2744 4831 2923 4903 niet.
2986 4816 3228 4897 Histot.
3292 4822 3442 4891 Nat.

513 4950 605 5031 (ι)
655 4950 805 5039 Pag.
859 4960 1040 5017 1801.
1641 5046 1648 5053 ¹
1979 4952 2153 5022 utie-
2183 4951 2415 5019 Litium
2442 4992 2463 5019 ο

515 5066 608 5148 (ι)
653 5060 800 5154 ¹³23·
850 5082 999 5145 m·
