4500 6184
1419 450 2061 583 PsAzuus
2177 440 2481 539 LXV.
2959 426 3037 443 Η
3174 459 3347 579 289

427 616 555 699 est
605 599 864 715 gratia
924 596 1516 706 conversioni3‚
1581 624 1834 711 quam
1893 598 2254 681 eundem
2297 595 2579 680 Deum
2631 626 2725 681 ac
2782 598 3247 686 Dominum
3302 632 3463 689 no·-
3604 702 3611 707 ⁷

425 734 698 827 strum
755 738 1046 823 Jesum
1119 737 1548 849 permultis
1612 734 2010 823 Hebraeis
2071 738 2565 854 largiturum
2638 770 2867 853 esse,
2942 747 3207 829 adhuc
3277 776 3467 833 sae-

429 882 714 968 *iente
795 879 1360 991 Antichristo,
1447 878 1554 964 ab
1639 885 1929 966 eodem
2002 879 2345 965 Cantico
2426 882 2839 967 vidimus.
2933 883 3045 967 Hi
3110 884 3465 973 Hebraei

424 1022 730 1141 quibus
789 1024 1340 1110 conversionis
1401 1024 1660 1137 gratia
1683 1058 1692 1091 τ
1715 1019 2112 1106 tribuitur
2147 1083 2172 1131 ,
2231 1051 2557 1134 semper
2612 1028 2703 1106 in
2772 1022 3295 1111 Psalmorum
3350 1035 3465 1117 ti·-

415 1169 616 1257 tulis
679 1166 972 1281 (quod
1027 1163 1458 1279 diligenter
1513 1167 2118 1249 attendendum
2179 1172 2370 1273 est)
2434 1162 2639 1249 Filii
2702 1164 2966 1253 Corae
3024 1168 3459 1281 appellan-

415 1324 618 1418 tur-3
677 1282 971 1423 quippe
1031 1304 1330 1419 quibus
1387 1308 1591 1391 illud
1649 1310 1924 1419 ipsum
1971 1308 2289 1423 grande
2330 1310 2827 1395 miraculum
2888 1312 3251 1397 accidere
3312 1314 3462 1397 de·-

411 1448 614 1536 beat
669 1452 890 1564 quod
945 1448 1134 1531 filiis
1179 1447 1434 1531 Corae
1489 1450 1782 1532 accidit
1809 1512 1838 1559 ,
1883 1464 1978 1531 ut
2035 1448 2567 1559 pereuntibus
2611 1454 2995 1563 ipsorum
3036 1451 3399 1565 patribus
3433 1522 3465 1567 ,

412 1594 574 1705 ipsi
621 1611 821 1675 'non
875 1606 1234 1701 pereant‘
1269 1592 1362 1677 in
1412 1588 1899 1674 Antichristi
1971 1620 2478 1708 suorumque
2552 1599 2867 1700 excidio
2903 1658 2923 1678 .
3004 1595 3138 1682 Sic
3192 1599 3460 1683 enim
3539 1658 3547 1665 -

417 1738 522 1819 de
574 1734 784 1825 ‚filiis
853 1720 1132 1815 Corae
1181 1732 1271 1813 in
1312 1726 1584 1813 ‚Libro
1655 1728 2234 1816 Numerorum
2304 1739 2704 1849 scriptum
2777 1755 2967 1822 est:
3049 1734 3208 1821 Isti
3262 1754 3463 1823 sunt

415 1869 766 1957 Dathan
799 1936 826 1984 ,
897 1888 978 1957 et
1047 1874 1372 1957 Abit-on
1439 1874 1868 1991 privwipes⁸
1922 1876 2273 1986 populi,
2345 1880 2493 1990 qui
2548 1892 3091 1978 surreaeerunt
3166 1895 3461 1965 contra

406 2008 798 2127 Moysen
829 2076 854 2123 ,
917 2026 998 2097 et
1039 2014 1336 2098 Aaron
1397 2016 1478 2127 in
1537 1998 1934 2123 seditione
1983 2010 2190 2098 Gore
2218 2080 2242 2125 ,
2303 2018 2637 2129 quando
2698 2018 3113 2105 adversus
3158 2016 3463 2107 Domi-

404 2183 610 2241 num
669 2156 1323 2243 rebellaverunt:
1382 2172 1462 2241 et
1519 2160 1894 2271 aperiens
1957 2171 2174 2242 terra
2233 2185 2331 2241 os
2390 2187 2633 2243 suum
2700 2158 3145 2247 devoravit
3202 2158 3461 2301 Cere,

405 2300 946 2383 morientibus
1009 2300 1458 2411 plurimis,
1533 2302 1864 2417 quando
1923 2302 2379 2387 combussit
2452 2302 2665 2415 ignis
2741 2301 3137 2387 ducentos
3210 2302 3462 2415 quin-

403 2438 822 2551 quaginta
906 2442 1134 2559 uiros
1167 2504 1186 2523 .
1278 2441 1400 2527 Et
1444 2442 1780 2557 sactum
1839 2460 1961 2529 est
2013 2444 2331 2560 grande
2400 2446 2895 2531 miraculum
2931 2508 2957 2555 ,
3036 2460 3131 2529 ut
3163 2510 3191 2559 ‚
3254 2441 3463 2530 Core

389 2595 796 2693 pereunte
830 2644 855 2692 ,
895 2582 1069 2693 filii
1125 2584 1350 2697 illius
1410 2612 1568 2667 non
1617 2588 1979 2695 perirent
2055 2588 2230 2693 (1).

656 2724 894 2834 Quod
951 2725 1304 2837 denique
1360 2724 1702 2807 tertium
1756 2725 2048 2809 Titulo
2105 2740 2613 2810 monstratur
2642 2788 2669 2837 ‚
2732 2744 3030 2812 natura
3101 2729 3277 2837 ipsa
3336 2741 3461 2813 est

402 2850 787 2973 Psalmi,
853 2894 1102 2978 quem
1163 2860 1595 2949 Canticum
1657 2862 2172 2954 Dilectarum
2237 2898 2411 2953 esse
2444 2936 2469 2984 ,
2558 2874 2725 2982 ipse
2786 2872 3025 2953 docet
3098 2868 3387 2952 titulus
3432 2926 3453 2948 .

410 3002 584 3092 Sed
625 3009 792 3117 jam
833 3008 1049 3091 illius
1105 3006 1354 3095 verba
1395 3013 1752 3122 proferre
1811 3010 2005 3093 licet
2034 3073 2059 3120 ‚
2108 3039 2313 3124 quae
2358 3008 2461 3095 ab
2506 3012 2629 3095 his
2692 3041 2899 3126 quae
2946 3013 3173 3103 dicta
3216 3026 3459 3129 sunt,

405 3153 612 3235 satis
671 3164 914 3235 erunt
968 3142 1438 3260 perspicua.
1506 3150 1719 3235 Sunt
1777 3166 2056 3237 autem
2113 3150 2371 3235 haec:
2433 3149 2751 3239 Victori
2808 3158 3121 3243 circum
3166 3158 3451 3285 Lilia,

401 3292 665 3383 Filiis
733 3290 994 3375 Corae
1049 3276 1664 3403 intelligentiam
1723 3278 2110 3373 tribuenti
2155 3352 2174 3373 .
2245 3287 2677 3377 Canticum
2741 3291 3297 3383 Dilectarum.

535 3442 595 3542 4
676 3433 952 3537 Altera
996 3431 1301 3516 Psalmi
1342 3460 1520 3539 pars
1573 3424 2098 3515 Prooemium
2155 3447 2279 3513 est
2310 3492 2328 3515 .
2376 3431 2497 3515 Eo
2545 3433 2851 3519 Psalmi
2916 3457 3205 3535 auctor
3256 3471 3457 3529 nar-

407 3602 550 3673 rat
579 3647 604 3694 ,
663 3609 822 3693 qua
863 3570 1284 3661 occasione
1343 3576 1496 3683 ipsi
1542 3576 1932 3659 divinitus
1991 3574 2365 3657 afflatum
2424 3576 2671 3659 fuerit
2728 3578 2883 3660 hoc
2929 3578 3453 3666 Dilectarum

407 3726 913 3829 Canticum3
955 3722 1182 3803 dum
1239 3718 1551 3801 scilicet
1605 3720 1762 3801 alia
1818 3745 1963 3801 sua
2018 3718 2221 3799 item
2278 3718 2673 3801 divinitus
2728 3720 3003 3801 afflata
3066 3721 3164 3803 de
3207 3720 3453 3807 Mes-
3488 3692 3523 3710 l

406 3870 543 3955 sia
625 3866 892 3975 Opera
974 3861 1575 3945 meditaretur.
1657 3860 1786 3943 Ex
1856 3888 2018 3973 quo
2089 3858 2377 3942 facile·
2396 3862 2867 3991 colligimus
2912 3928 2935 3973 ‚
3028 3869 3454 3968 auctorem

407 4006 733 4091 Psalmi
795 4006 1324 4093 Salomonem
1385 4034 1609 4089 esse.
1670 4002 1941 4110 Hujus
2009 4004 2238 4085 enim
2304 4019 2385 4087 et
2442 4004 2599 4087 alia
2645 4000 3077 4116 complura
3126 4007 3461 4091 exstant

407 4149 894 4263 gravissima
974 4151 1364 4235 vaticinia
1439 4152 1542 4233 de
1601 4144 1912 4231 Messia
1955 4208 1980 4253 ‚
2071 4162 2152 4229 et
2211 4137 2463 4231 :illud
2529 4146 2929 4228 eximium
2992 4148 3212 4257 quod
3273 4160 3449 4229 toto
3500 4206 3505 4209 -

409 4287 766 4373 Cantico
811 4280 1344 4373 Cant-icorum
1399 4291 1572 4396 jam
1629 4288 2135 4373 declaratum
2171 4302 2372 4394 εξε·ῑ
2436 4285 2665 4394 cujus
2702 4286 2859 4367 hic
2902 4283 3279 4370 Psalmus
3327 4300 3457 4371 est

405 4431 823 4545 quaedam
862 4431 1116 4514 veluti
1177 4432 1636 4542 appendix,
1701 4404 2243 4553 quae2loc1im
2302 4427 2399 4507 in
2436 4452 2529 4509 eo
2590 4422 2889 4511 habere
2933 4431 3241 4541 optime
3304 4458 3456 4542 po·-

421 4586 642 4657 test.
705 4570 1260 4683 Quamobrem
1315 4572 1520 4661 illud
1580 4576 1720 4689 qui
1798 4567 2348 4665 meditabatur
2418 4565 2811 4719 Salomon
2844 4632 2873 4687 ,
2948 4571 3026 4681 ei
3097 4570 3270 4657 fere
3350 4576 3493 4655 eit

2123 4735 2170 4795 ο
2228 4735 2277 4793 ο
3024 4734 3033 4744 ’

509 5026 628 5125 ω’
681 5038 878 5107 Num.
921 5058 986 5117 9.
1027 5040 1254 5111 xxvl.
1301 5060 1404 5112 ιο.
1451 5060 1554 5111 u·
