4500 6184
1104 424 1469 511 CAN'nc.
1503 422 1760 511 δοιῇ.
1781 422 1925 511 IV.
1961 418 2163 505 ΟΜ».
2191 416 2355 509 VL·
2380 414 2754 519 Dacus]
2962 430 2969 436 ’
3156 422 3329 541 259

391 576 652 686 priam
679 567 928 657 habet
953 597 1190 653 suam
1198 569 1538 682 fortiter
1565 566 2032 674 insistendi,
2053 566 2504 678 urgendive
2530 571 2746 683 signi
2770 568 3237 654 ficationem
3261 572 3375 675 (1)
3400 600 3431 679 ς

397 744 604 829 quae
665 716 955 797 clarior
1008 712 1364 795 fortassis
1428 725 1550 793 est
1605 712 1778 821 ipsa
1833 709 2311 817 metaphora
2344 745 2367 789 .·
2412 707 2891 822 Intelligere
2960 710 3155 795 hinc
3196 712 3433 827 licet,

332 902 339 909 ·
393 884 538 939 cur
593 884 836 965 supra
891 850 1036 936 ubi
1091 853 1228 935 alii
1302 854 1996 961 interpretantur,
2071 848 2299 931 oculi
2384 849 2511 931 tui
2579 849 3205 962 columbarum,
3278 882 3435 939 nos

391 1025 492 1080 ex
561 997 720 1079 alia
789 999 1006 1079 vocis
1073 996 1666 1109 significatione
1738 994 2250 1103 interpretati
2320 994 2579 1101 simus
2624 1056 2651 1100 ‚
2738 992 2965 1089 oculi
3046 994 3183 1075 tui
3247 995 3425 1079 vim

363 1136 706 1251 faciunt
740 1198 759 1219 .
811 1138 1133 1220 Dicitur
1191 1139 1420 1218 enim
1479 1132 1594 1217 ibi
1652 1135 1806 1217 hoc
1863 1137 2136 1243 ipsum
2197 1134 2417 1245 quod
2480 1134 2613 1216 hic
2661 1135 2843 1216 sine
2890 1135 3113 1216 vocis
3156 1131 3428 1219 ambi-

391 1280 702 1393 guitate
759 1279 1106 1361 dicitur.
1171 1277 1400 1363 Nam
1457 1278 1590 1361 hic
1651 1276 1880 1361 nulla
1939 1305 2110 1361 esse
2173 1272 2553 1359 columba
2634 1292 2958 1388 potest.
3291 1368 3313 1383 ,

627 1420 852 1527 Quae
913 1416 1373 1533 sequuntur
1438 1447 1696 1534 usque
1753 1420 1858 1503 ad
1915 1446 2246 1503 versum
2308 1431 2697 1505 octavum
2756 1420 3159 1508 declarata
3226 1438 3428 1509 sunt

391 1556 677 1670 Capite
735 1576 1024 1675 quarto
1058 1621 1079 1642 .

501 1700 565 1787 8
643 1700 1110 1814 Sexaginta
1161 1712 1396 1783 erunt
1441 1696 1806 1815 Reginae
1837 1760 1862 1809 ‚
1920 1726 2024 1787 oc
2065 1700 2485 1815 octoginta
2528 1698 2985 1789 Matronae
3016 1764 3045 1817 ‚
3088 1710 3171 1787 et
3222 1698 3421 1789 Vir-

729 1846 1016 1959 gir'zum
1076 1870 1234 1927 non
1299 1844 1454 1925 erit.
1507 1867 1895 1925 numerus
1929 1900 1976 1923 ..
2056 1917 2062 1924 .
2817 1866 2824 1871 ·
3180 1825 3185 1829 ’
3375 1950 3388 1959 ·

625 1981 1118 2099 Sexaginta,
1194 2000 1274 2067 et
1329 1988 1742 2099 octoginta
1797 1987 2074 2070 sintne
2133 1986 2465 2071 numeri
2532 1988 2849 2071 definiti
2908 2016 3054 2098 pro
3118 1988 3421 2074 indefi-

383 2128 586 2211 nitis
617 2189 642 2236 ⁷
706 2129 968 2209 dicere
1029 2154 1200 2209 non
1253 2127 1522 2209 ausim
1551 2188 1570 2207 .
1621 2126 1840 2221 Rem
1901 2124 2345 2209 declarabit
2402 2145 2747 2211 eventus
2780 2186 2800 2211 .
2850 2124 3083 2214 Nam
3113 2195 3138 2240 ,
3186 2147 3279 2215 ut
3328 2134 3419 2219 in

388 2264 1062 2353 adnotationibus
1125 2270 1482 2353 diximus
1525 2330 1552 2379 ‚
1623 2270 1754 2353 hic
1812 2258 2295 2354 vaticinium
2368 2287 2491 2354 est
2552 2275 2650 2355 de
2706 2286 2929 2359 statu
2986 2302 3079 2355 ac
3138 2272 3425 2387 digni-‚-

385 2422 560 2492 tate
613 2406 1020 2493 Ecclesiae
1075 2409 1520 2493 catholicae
1577 2426 1758 2521 post.
1811 2409 2421 2495 Antichristum
2466 2475 2491 2524 ‚
2582 2413 2913 2528 quando
2982 2418 3419 2501 universus

385 2564 798 2631 terrarum
897 2550 1114 2635 orbis
1215 2552 1776 2639 Christianam
1876 2553 2403 2668 Religionem
2517 2550 3057 2639 sanctissime.
3140 2556 3351 2639 colet
3396 2612 3418 2641 .

383 2688 1058 2804 Quamplurimas
1141 2700 1369 2780 enim
1450 2714 1658 2782 tunc
1740 2696 2049 2811 ubique
2105 2692 2487 2811 gentium
2555 2690 2961 2807 oportebit
3028 2722 3205 2781 esse
3264 2728 3416 2809 pe-

381 2832 736 2917 culiares
787 2834 1184 2921 Ecclesiae
1215 2902 1240 2947 ,
1299 2868 1344 2921 e
1403 2838 1701 2953 quibus
1765 2842 1962 2924 alias
2019 2839 2365 2944 majores
2397 2898 2427 2945 ‚
2514 2838 2710 2921 alias
2772 2838 3137 2923 minores
3170 2902 3195 2950 ‚
3270 2843 3419 2925 sed

387 2998 682 3059 omnes
737 2979 888 3059 uni
945 2980 1356 3063 maximae
1415 3011 1508 3065 ac
1563 2983 2305 3094 praestantissimae
2360 2982 2908 3093 omniumque
2970 2978 3411 3094 magistrae

383 3114 796 3202 Ecclesiae
855 3117 1278 3205 Romanae
1335 3125 1808 3227 conjunctas
1843 3184 1864 3203 .
1911 3118 2224 3205 Earum
2266 3118 2823 3207 Ecclesiarum
2866 3154 3075 3238 quae
3120 3122 3415 3207 ceteris

385 3264 869 3345 auctoritate
927 3292 1018 3346 ac
1073 3264 1470 3377 dignitate
1527 3265 2031 3349 antecellunt
2061 3325 2086 3373 ,
2149 3292 2289 3347 eae
2334 3262 2701 3379 Reginae
2760 3296 2811 3351 a
2856 3266 3183 3353 Dilecto
3238 3274 3413 3381 ipso

386 3407 942 3492 nominantur
969 3432 1262 3519 ;·quae
1317 3411 1778 3492 secundum
1829 3404 2210 3493 obtinent
2266 3402 2371 3490 ab
2426 3408 2527 3492 iis
2584 3408 2864 3493 locum
2906 3403 3415 3533 Matronae,

387 3550 564 3633 sive
621 3552 916 3633 uxores
971 3550 1312 3632 secundi
1370 3550 1680 3633 ordinis
1723 3613 1750 3659 ‚
1839 3576 2036 3661 quas
2095 3562 2407 3633 veteres
2470 3540 2826 3643 Hebraei
2892 3544 3411 3637 concubinas

385 3720 570 3777 non
628 3692 1064 3775 inhonesto
1119 3705 1322 3775 tunc
1381 3694 1722 3776 nomine
1779 3688 2177 3801 appellare
2251 3707 2854 3774 consueverunt
2886 3750 2911 3799 ,
2985 3720 3137 3775 nos
3194 3692 3415 3779 Ma-

377 3834 700 3917 ·tronas'
735 3832 1092 3917 diximus
1126 3896 1151 3941 ,
1213 3848 1310 3916 ut
1363 3834 1796 3917 honestam
1861 3828 2085 3916 Sacri
2139 3824 2519 3913 Auctoris
2603 3849 2975 3943 mentem
3062 3830 3409 3921 honesto

390 3978 647 4059 etiam
703 3978 918 4088 apud
961 4002 1112 4057 nos
1169 3976 1808 4087 exprimeremus
1865 3971 2206 4057 nomine
2239 4032 2261 4051 .
2308 3970 2534 4080 Quae
2578 3974 2933 4087 denique
2996 3990 3408 4085 postremo

389 4130 596 4199 sunt
649 4119 1152 4200 auctoritatis
1209 4117 1788 4232 dignitatisque
1847 4114 2024 4198 loco
2055 4180 2084 4227 ‚
2170 4143 2311 4198 eae
2378 4110 2466 4195 V
2457 4113 2756 4229 irgines
2822 4088 3081 4200 dictae
3140 4132 3339 4199 sunt
3384 4176 3405 4197 .

391 4254 722 4343 Harum
775 4285 1276 4368 numerum,
1337 4260 1722 4343 universo
1782 4274 2188 4341 terrarum
2247 4252 2441 4339 orbe
2501 4255 2792 4338 effecto
2860 4254 3333 4339 Christiano
3382 4318 3410 4367 ,
3500 4350 3503 4355 ,

371 4396 640 4513 longe
691 4401 1158 4481 maximum
1213 4428 1388 4483 esse
1444 4418 1758 4511 oportet
1788 4466 1814 4509 ‚
1887 4419 1983 4486 ut
2053 4400 2285 4485 facile
2344 4401 2686 4514 quisque
2746 4398 3135 4514 intelligit
3167 4456 3188 4480 .
3262 4394 3411 4481 Id.-

397 4541 610 4624 circo
665 4541 961 4629 dicitur
987 4602 1016 4655 ‚
1065 4554 1151 4625 et
1215 4537 1305 4625 V
1295 4540 1646 4656 irginum
1703 4567 1864 4625 non
1924 4539 2074 4625 erit
2128 4567 2518 4625 numerus
2552 4598 2575 4623 .

1927 4680 2204 4769 kkz

483 4984 584 5073 (a)
629 4982 936 5053 Montild.
981 5004 1124 5077 pag.
1173 5006 1362 5073 ¹39⁴·
1456 4928 1462 4933 -
