4500 6184
1027 439 1336 548 ³de
2097 455 2969 570 PnAarA‘rxol

1023 602 1234 686 forte
1297 593 1614 686 librarii
1685 625 1947 686 manu
2018 621 2379 686 erratum
2453 622 2575 690 est
2606 669 2631 715 ,
2708 610 2923 720 quod
2998 604 3269 692 evinci
3330 613 3626 722 possit,
3700 641 3894 698 non·
3932 621 4046 736 ita

1004 739 1272 826 -fuisse
1329 738 1434 826 ah
1496 758 1829 825 auctore
1883 745 2333 856 scriptum:
2400 750 2901 834 alterum-ut
2954 746 3222 835 verbis
3278 756 3627 838 auctoris
3690 786 3830 841 eae
3891 761 4049 842 tri-
4115 781 4124 788 ·

1027 879 1500 966 huerentur‘
1573 884 2210 996 significationes
2256 951 2279 998 ,
2374 917 2569 1002 quas
2656 910 3039 978 constans
3126 899 3505 980 omnium
3578 898 4051 982 seculorum

1013 1027 1460 1110 tconsensio
1504 1023 1697 1106 inde
1759 1055 1806 1106 a
1865 1041 2232 1135 tempore
2292 1054 2454 1139 quo
2500 1027 2856 1141 Scriptor
2894 1036 3100 1117 vixit
3162 1037 3264 1118 ad
3319 1037 3533 1120 hanc
3574 1065 3833 1150 usque
3876 1063 4058 1118 me-
4126 1085 4129 1092 -

1026 1170 1384 1254 moriam
1445 1169 1720 1250 docuit
1776 1168 1937 1252 ill-is
2017 1197 2190 1252 esse
2248 1167 2724 1256 tribuendas
2760 1235 2779 1256 .
2868 1173 2986 1258 Ac
3046 1206 3197 1260 nos
3253 1181 3347 1260 in
3418 1193 3763 1292 utraque
3789 1189 4051 1285 ’parte

1027 1311 1284 1423 fuis-se
1347 1313 2000 1396 accuratissimos
2079 1329 2161 1396 et
2232 1313 2935 1429 religiosissimoS‚
3011 1347 3185 1400 non
3252 1322 3499 1401 modo
3564 1319 3779 1400 docti
3835 1318 4052 1424 viri,

1027 1452 1174 1534 sed
1235 1454 1386 1563 ipsi
1464 1445 1712 1564 etiam
1755 1455 2025 1562 rudes
2083 1481 2361 1566 'nosse‘
2404 1469 2833 1565 poterunt.
2896 1455 3142 1558 'Nam
3220 1462 3872 1572 quandocunque
3948 1454 4059 1540 ob

1029 1600 1704 1713 perspicuitatem
1764 1598 2338 1706 exprimendae
2398 1597 2733 1679 fuerunt
2795 1597 3107 1709 ellipses
3168 1597 3563 1684 Hebraeis
3624 1598 4063 1708 Scriptori-

1031 1737 1191 1826 bus
1252 1742 1835 1826 usitatissimae
1893 1757 2036 1823 aut
2096 1737 2319 1823 verbi
2386 1736 2831 1822 subtantivi
2863 1802 2886 1848 ‚
2932 1756 3095 1836 ‚aut
3154 1743 3667 1855 quorundam
3726 1745 4065 1854 partici-

1035 1886 1364 1995 piorum
1397 1947 1424 1993 ,
1470 1901 1614 1970 aut
1669 1881 2113 1969 verborum
2169 1885 2503 1996 inquam
2543 1945 2567 1989 ‚
2612 1881 2945 1994 inquiss·
2988 1882 3491 1966 similiumve
3520 1946 3545 1991 ‚
3594 1881 3793 1964 haec
3832 1909 4061 1966 sem·-

1033 2056 1180 2140 per
1242 2028 1576 2110 diversis
1639 2026 1896 2109 literis
1955 2023 2303 2108 describi
2367 2029 2829 2110 curavimus
2866 2087 2887 2108 .
2966 2026 3190 2134 Quae
3251 2029 3403 2112 hoc
3460 2029 3709 2110 modo
3766 2027 4063 2136 scripta

1041 2193 1223 2253 non
1277 2187 1474 2270 sunt
1505 2232 1529 2276 ,
1593 2199 1688 2253 ea
1728 2197 1966 2254 voces
2017 2167 2325 2252 habent
2383 2166 2770 2252 hebraeas
2830 2169 3115 2252 eadem
3170 2171 3775 2284 significantes:
3826 2167 4063 2273 cujus

1041 2315 1166 2398 rei
1225 2325 1470 2398 testes
1533 2336 1708 2392 esse
1771 2324 2158 2419 poterunt
2217 2311 2689 2419 quicunque
2752 2307 2891 2388 ‚vel
2949 2306 3357 2391 levissime
3418 2312 3587 2406 sint
3660 2304 4063 2392 hebraicis
4138 2419 4145 2426 .

1039 2451 1298 2536 literis
1357 2453 1654 2535 eruditi
1690 2510 1709 2532 .
1759 2450 1862 2533 In
1923 2446 2659 2565 significationibus
2720 2465 2999 2533 aut-em
3048 2444 3497 2532 verborum
3558 2471 4063 2568 persequen-

1038 2597 1164 2678 dis
1226 2598 1430 2678 adeo
1489 2596 1919 2709 diligentes
1979 2566 2291 2678 fuimus
2326 2657 2349 2701 ,
2414 2607 2507 2674 ut
2554 2593 3219 2704 quandocunque
3276 2605 3601 2701 propter
3656 2597 4066 2684 unitatem

1047 2763 1331 2818 rerum
1389 2751 1472 2818 et
1525 2737 2131 2820 sententiarum
2189 2735 2777 2818 discedendum
2839 2733 2996 2814 fuit
3054 2729 3155 2816 ab
3216 2733 3373 2816 iuis
3428 2734 4063 2846 significationi·-

1042 2873 1202 2962 hus
1277 2904 1476 2990 quas
1563 2877 1701 2958 alii
1772 2876 2264 2985 interpretes
2336 2871 2967 2978 adhibuerunt3
3042 2874 3126 2955 id
3199 2900 3631 2985 nunquam
3704 2905 3753 2958 a
3816 2849 4063 2958 nobis

1040 3017 1354 3100 factum
1417 3023 1522 3102 sit
1566 3082 1590 3130 ,
1651 3022 1811 3105 nisi
1887 2996 2130 3104 citata
2203 3020 2579 3102 concordi
2641 3018 3068 3099 doctorum
3138 3015 3505 3097 virorum
3582 3015 4063 3100 auctoritate

1031 3157 1232 3244 illas
1307 3159 1516 3266 ipsas
1577 3157 1841 3244 verbis
1902 3157 2448 3242 tribuentium
2534 3156 3171 3270 significationes
3256 3179 3455 3264 quas
3536 3153 3989 3268 delegimus
4036 3217 4061 3242 .

1053 3299 1233 3407 Qua
1291 3298 1624 3410 quidem
1683 3302 1774 3380 in
1835 3329 1916 3383 re
1977 3329 2178 3412 opus
2239 3300 2719 3409 compendio
2782 3300 2989 3380 fuit.
3073 3295 3301 3385 Nam
3362 3313 3655 3410 quotus
3716 3301 4061 3414 quisque

926 3534 930 3537 ,
1047 3441 1366 3547 nescit,
1429 3436 1868 3522 verborum
1928 3442 2562 3554 significationes
2625 3469 2671 3520 a
2730 3455 3023 3519 natura
3084 3437 3281 3518 disci
3338 3465 3515 3518 non
3574 3467 3849 3550 posse,
3912 3471 4064 3526 ve-

1043 3609 1237 3682 rum
1297 3608 1498 3692 opus
1575 3611 1748 3666 esse
1808 3584 2242 3669 traditione
2324 3597 2403 3664 et
2464 3581 2888 3690 disciplina
2962 3581 3403 3664 hominum
3461 3583 3627 3663 sive
3684 3584 3987 3692 scripto
4033 3649 4063 3696 ‚

1049 3726 1218 3806 sive
1279 3739 1660 3806 oretenus
1724 3719 2403 3804 communicata?
2444 3717 2715 3804 Verba
2778 3722 3005 3802 enim
3046 3719 3255 3802 nihil
3312 3722 3471 3804 nisi
3530 3724 3783 3836 signa·
3804 3741 4063 3834 sunt5

1053 3861 1350 3976 quibus
1415 3863 1958 3946 conventione
2019 3862 2456 3944 hominurn
2517 3875 2777 3942 certae
2838 3862 3235 3971 quaedam
3318 3863 3695 3981 notiones
3756 3865 4067 3946 animi-

1053 4033 1212 4121 que
1268 4032 1554 4088 sensus
1615 4003 2135 4084 indicantur.
2217 4001 2440 4124 Quae
2502 4002 2961 4084 conventio·
2998 4017 3254 4113 quum
3314 3999 3591 4084 liher'a·
3626 4001 3867 4088 initio
3931 4033 4065 4087 es-

1049 4167 1230 4259 set,
1297 4160 1570 4258 postea
1637 4144 2086 4226 necessaria
2148 4143 2434 4226 effecta
2495 4158 2672 4249 est3
2746 4159 2842 4225 ut
2901 4147 3037 4255 qui
3099 4161 3241 4230 aut
3300 4145 3521 4258 loqui
3557 4207 3581 4252 ‚
3661 4160 3807 4227 aut
3862 4151 4072 4229 scri-

1049 4285 1243 4371 bere
1317 4287 1562 4370 vellet
1633 4288 1750 4368 sic
1819 4299 1913 4367 ut
1975 4284 2425 4399 intelligere
2495 4287 2868 4369 homines
2944 4306 3326 4396 possent,
3408 4289 3473 4369 is
3552 4289 3675 4369 uti
3740 4282 4073 4369 deberet

1049 4429 1212 4514 illis
1271 4423 1710 4510 verborum
1763 4422 2501 4538 significationibus
2535 4489 2558 4535 ‚
2607 4453 2813 4538 quae
2871 4430 3235 4537 propriae
3296 4427 3629 4510 illorum
3688 4435 4075 4514 commu-

1053 4572 1146 4653 ni
1205 4597 1614 4654 consensu
1673 4573 2166 4654 constitutae
2196 4631 2222 4676 ‚
2314 4567 2737 4654 communi
2801 4571 3053 4650 etiam
3126 4569 3720 4653 consuetudine
3796 4569 4078 4652 homi-

1053 4737 1266 4794 num
1321 4712 1902 4822 probarentur:
1953 4713 2172 4826 quod
2229 4715 2599 4825 quinon
2658 4713 3013 4820 faceret,
3080 4715 3145 4794 is
3205 4709 3448 4821 plane
3509 4707 3869 4818 desipere
3931 4707 4069 4814 ju-

1061 4857 1466 4942 dicaretur
1501 4921 1520 4940 .
1599 4853 1730 4939 Ex
1801 4882 1962 4968 quo
2033 4855 2126 4936 fit
2197 4869 2297 4935 ut
2366 4853 2689 4968 linguas
2765 4853 3113 4936 ediscere
3191 4851 3815 4961 propemodum·
3861 4847 4079 4934 nihil

1065 4999 1288 5086 aliud
1342 5004 1500 5114 sit,
1551 4999 1713 5082 nisi
1769 5024 2010 5084 nosse
2068 4999 2658 5111 memoriaque·
2690 4999 3063 5114 retinere·
3102 4995 3499 5111 quidquid
3540 5023 3587 5080 a
3646 4985 4075 5110 gentibus,
