4500 6184
1214 459 1793 564 Cannicum
1866 461 2628 556 cmm-conum.
3159 459 3323 579 159

408 631 595 705 tum
652 634 1007 726 genera,
1071 609 1300 718 quae·
1348 607 1729 718 persequi
1778 606 1973 694 satis
2034 605 2478 690 honest-um
2539 619 2662 688 est
2690 665 2716 706 .,
2775 605 2916 690 vix
2969 618 3254 692 tamen
3285 603 3452 688 nl·-

406 751 593 838 lum
646 764 921 834 est.eo
981 745 1529 856 praestant-ius
1560 809 1591 857 ,
1648 775 1813 861 quo
1868 747 2016 834 vel·
2056 747 2444 833 homines
2497 749 2600 830 ad
2645 747 2970 854 Deum,
3032 763 3276 859 atque
3339 752 3442 834 ad

406 897 661 1010 ipsius
719 891 1205 1007 religionem
1262 891 1665 981 adducere
1695 955 1719 1001 ,
1782 891 1915 976 vel
1975 892 2303 974 eosdem
2331 891 2836 972 confirmare
2897 889 2989 969 in
3033 917 3126 970 ea
3170 916 3256 970 re
3313 893 3444 989 nir·

404 1039 667 1124 timui·
694 1032 1135 1142 ..Quarum
1198 1061 1475 1118 rerum
1517 1051 1833 1146 partem
1878 1035 2237 1148 aliquam
2281 1037 2572 1121 studiis
2628 1025 3204 1144 laboribusque
3245 1056 3440 1114 con-

404 1177 635 1292 sequi
708 1175 1025 1285 nostris
1066 1174 1403 1269 utinam.
1468 1175 1926 1286 possimus!
2013 1175 2245 1258 Dum
2303 1203 2709 1261 conamur
2779 1192 3059 1260 autem
3091 1238 3118 1284 ,
3193 1191 3440 1289 atque

402 1320 507 1407 in
540 1317 881 1408 Cantico
923 1315 1380 1428 plurimum
1424 1347 1597 1408 esse
1642 1323 2099 1429 adjumenti
2154 1320 2720 1406 existimamus
2753 1383 2778 1430 ‚
2842 1315 3158 1402 dabunt
3187 1377 3214 1426 ‚
3261 1317 3442 1428 opi-

404 1487 559 1542 nor
592 1525 627 1571 7
679 1462 795 1572 pii
852 1459 1232 1572 doctique
1286 1459 1455 1542 viri-
1497 1462 1829 1554 ven-iam
1858 1525 1881 1572 ‚
1942 1464 2013 1546 si
2071 1477 2348 1550 totum
2404 1462 2696 1550 afferre
2751 1489 2970 1546 nova
3030 1461 3444 1571 interpr-e«

408 1603 719 1686 tatione
777 1599 1281 1686 declaratum
1322 1615 1404 1684 et
1447 1600 1947 1686 illustratum
2005 1629 2296 1712 operae
2339 1603 2700 1712 pretium
2761 1589 3156 1686 duiimus
3183 1663 3204 1684 .

525 1738 581 1828 5
670 1739 835 1826 Sed
888 1742 1057 1849 jam
1116 1743 1215 1826 de
1272 1756 1575 1824 nat-ura·
1644 1754 1725 1824 et
1793 1757 2282 1856 argumento
2340 1741 2664 1832 Cantici
2737 1731 3184 1828 dicendum
3243 1759 3365 1828 est
3411 1791 3441 1828 ι

405 1883 536 1970 De
594 1899 899 1967 natura·
950 1884 1221 1992 ipsius
1274 1880 1512 1964 nulla
1590 1895 1718 1964 est·
1773 1879 2211 1990 disputatio
2245 1943 2284 1963 ..
2333 1880 2730 1968 Fatentur
2796 1885 3034 1967 >enim
3091 1913 3438 1994 omnesf,

407 2025 495 2126 id
552 2026 778 2139 quod,
826 2025 1174 2136 planum
1230 2039 1398 2134 est,
1462 2045 1800 2108 carmen
1864 2051 2037 2108 esse
2093 2053 2239 2134 per
2299 2025 2668 2142 dialogos
2717 2027 3272 2137 conscriptum
3327 2043 3447 2111 at-

406 2193 579 2278 que·
640 2169 1233 2277 dramaticum-3
1316 2197 1523 2283 quae
1597 2197 1725 2250 res
1796 2167 2115 2280 planior
2188 2168 2440 2252 etiam
2472 2213 2478 2223 ·
2511 2196 2657 2277 per
2718 2195 2889 2250 nos
2928 2171 3132 2277 erit,
3189 2183 3440 2282 atque

410 2305 873 2414 distinctior
907 2369 928 2390 .
990 2309 1121 2393 De
1174 2327 1661 2426 argumento
1721 2312 1961 2398 varie·
2002 2324 2385 2422 putatum
2446 2328 2567 2394 est
2597 2353 2617 2394 ·.
2691 2309 2850 2396 Sed
2908 2337 3115 2425 quae
3175 2312 3450 2422 impu-⁴·

410 2445 717 2528 rissimi
794 2443 1131 2561 quidam
1204 2453 1601 2536 homines·
1656 2455 2107 2536 commenti
2180 2468 2386 2572 sunt:
2420 2513 2456 2561 ,.
2525 2448 2845 2566 quibus·
2893 2455 3168 2536 visum
3211 2468 3366 2538 ,est
3405 2513 3436 2566 ,

406 2589 1021 2673 sanctissimum
1078 2619 1417 2676 carmen
1468 2593 1827 2703 profanis
1886 2589 2473 2706 obscoenisque
2529 2589 3088 2705 voluptatibus
3159 2594 3434 2676 unde-

406 2752 737 2840 quaque·
783 2728 1153 2812 diffluere
1234 2737 1466 2842 (quo
1524 2734 2003 2847 gravissimo
2077 2761 2362 2815 errore·
2407 2729 2743 2817 Grotius
2801 2734 3167 2817 maxime
3245 2763 3434 2817 om·-

404 2865 645 2974 nium
700 2895 1099 2956 nauseam
1154 2871 1413 2977 fecit)
1480 2905 1575 2960 ea
1634 2905 1741 2960 ne
1798 2878 2524 2963 commemoranda
2581 2877 2916 2991 quidem
2975 2903 3154 2961 esse
3207 2870 3434 2957 arbi-

405 3020 579 3089 tror
609 3067 630 3089 .
691 3007 925 3095 Nam
996 3016 1139 3128 qui
1196 3031 1485 3099 nostra.
1552 3015 1831 3131 legent
1859 3078 1884 3126 ,
1948 3032 2057 3099 et·
2093 3045 2288 3100 cum
2359 3013 2778 3100 hebraicis·
2819 3018 3300 3125 conferent,
3341 3015 3435 3098 ·ii

404 3142 583 3256 sine
629 3149 900 3236 dubio·
940 3155 1407 3274 intelligent
1436 3223 1493 3270 ‚r
1532 3187 1791 3274 genus
1838 3159 1991 3242 hoc
2034 3159 2478 3242 hominum
2517 3158 3176 3271 impurissimum
3231 3156 3436 3239 adeo

405 3284 517 3372 ab
569 3290 1035 3380 literalium.
1058 3303 1689 3384 sententiarum
1728 3300 2069 3382 veritate
2130 3300 2588 3384 discessisse
2609 3363 2650 3409 ,.
2691 3315 2794 3382 ut
2844 3300 2938 3384 in
2979 3327 3080 3382 eo
3135 3327 3435 3414 genere
3487 3335 3490 3338 ·

400 3431 613 3518 nihil
671 3439 1043 3522 omnino.
1082 3467 1331 3560 supra
1386 3439 1569 3523 fieri
1628 3440 1880 3551 possit
1906 3499 1949 3520 ..
1992 3434 2548 3547 Quamobrem
2607 3441 2994 3549 adv-ersus
3048 3441 3244 3546 istos
3297 3442 3436 3520 ni-

403 3569 523 3669 hil
585 3605 785 3686 opus
850 3595 971 3663 est
1031 3581 1483 3696 quidquam
1544 3585 1809 3668 dicere
1840 3644 1859 3664 .
1949 3581 2159 3667 Satis
2238 3584 2466 3664 enim
2525 3583 2688 3666 erit·
2735 3577 3036 3666 habere
3096 3579 3370 3662 oculos
3403 3641 3432 3690 ,

400 3727 505 3796 ut
541 3720 1123 3836 unusquisque
1148 3727 1563 3837 impuram
1604 3727 1953 3808 istorum
1995 3721 2448 3806 amentiam
2480 3784 2506 3832 ‚
2537 3737 2628 3806 et·
2659 3722 3214 3806 temeritatem
3251 3724 3436 3806 sine

398 3851 569 3940 ulla
613 3855 1137 3952 dubitatione·
1162 3886 1639 3986 cognoscar.
1690 3866 1849 3953 His·
1896 3871 2197 3981 itaque-
2231 3865 2503 3950 missis
2534 3927 2562 3975 ,
2619 3865 2849 3948 fuere
2890 3863 3230 3976 quidam
3290 3865 3436 3975 qui

402 3999 558 4088 sibi
613 4026 1193 4117 persuaserunt
1216 4073 1245 4124 ,
1304 4011 1519 4095 nihil
1578 4011 1933 4126 quidem<
1974 4006 2361 4092 obscoeni
2421 4022 2566 4091 aut
2621 4005 3010 4120 flagitiosi
3067 4005 3164 4086 in
3220 3999 3436 4088 Can-

398 4145 567 4230 tico
623 4175 797 4232 esse
828 4213 855 4261 ‚
914 4167 1010 4236 at·
1056 4181 1157 4236 eo
1212 4151 1571 4239 descrihi-
1610 4185 1673 4238 a:
1721 4153 2161 4239 Salomone
2218 4177 2410 4235 suos
2471 4166 2562 4234 et·
2603 4151 2960 4232 tamicae·
3001 4144 3437 4252 cujusdam

402 4315 721 4376 amores
753 4353 779 4402 ‚
840 4293 1029 4377 sive·
1066 4293 1219 4379 illa·
1262 4289 1581 4411 Abisag·
1628 4292 2047 4379 Sulamitis
2078 4353 2104 4402 ‚
2167 4294 2362 4375 sive·
2397 4289 2566 4372 filia
2621 4286 3100 4371 Pharaonis
3137 4285 3432 4370 fuerit.

404 4429 573 4519 Alii
618 4462 971 4520 carmen*
1014 4461 1187 4520 esse
1228 4438 1909 4521 encomiasticum
1953 4435 2586 4539 existimarunt,
2631 4445 3065 4542 totumque
3107 4431 3218 4510 in·
3261 4425 3436 4509 lau-

404 4572 647 4660 dibus
702 4573 1221 4689 Salomonis,
1286 4592 1371 4660 et
1426 4577 1658 4692 regni
1715 4577 2229 4688 politiaeque·
2265 4574 2545 4682 ipsius·
2577 4569 2956 4654 versari-‚1
3017 4565 3438 4654 Nonnulli

404 4856 825 4971 publicam
854 4930 882 4977 ‚
954 4866 1194 4950 illum
1277 4866 1383 4949 ad
1450 4863 1981 4978 regnandum·
2033 4857 2532 4942 invitantem
2671 4849 3196 4960 Colloqumm
3267 4871 3440 4926 esse

412 4997 875 5094 Salomonis
918 5037 1117 5096 cum
1156 5009 1571 5121 haplentia
1616 5007 1923 5122 placuit
1978 5003 2156 5089 aliis
2188 5061 2209 5083 .
2254 4996 2716 5084 Abenezras
2767 4991 2948 5078 vult
3001 4986 3464 5076 Canticum
