4500 6184
1218 402 1400 507 ²42
1829 434 1872 475 .·
2005 424 2114 485 m
2167 394 2453 486 Cauca
2508 396 3057 489 Vnimanum
3114 394 3223 489 V'.

1338 538 1497 631 Ad
1575 566 1707 627 me
1749 600 1778 653 ,
1863 516 1939 649 ⁹¹?
1985 606 2012 653 ‚
2088 543 2163 627 Ii
2203 608 2230 658 ‚
2316 572 2522 659 quae
2590 540 2883 627 vocula
2954 556 3358 656 tanquam
3420 534 4035 655 supervacanea
4088 578 4143 635 a

1097 689 1504 811 plerisque
1561 689 2135 803 praetermissa
2179 705 2301 774 est
2334 750 2355 773 .
2404 686 2565 776 Sed
2603 688 2817 773 mihi
2870 688 3043 773 iota
3084 714 3399 798 unum,
3442 704 3589 775 aust
3640 716 3861 779 unus
3900 718 4151 806 apex.

1092 859 1274 921 non
1331 835 1658 919 videtur
1720 860 1894 919 esse
1953 837 2598 947 praetereundus
2634 894 2659 919 .
3077 840 3085 849 ’
4096 908 4103 915 .

1119 1030 1132 1039 -
1217 1000 1275 1089 7
1370 974 1503 1063 Tu
1547 990 1724 1065 tota
1757 980 2120 1091 pulchra
2163 983 2363 1093 eris,
2408 980 2727 1066 Amica
2768 1005 2998 1089 mea,
3042 1004 3191 1083 nec
3232 978 3571 1063 macula
3608 978 3761 1063 erit
3804 978 3891 1063 ὺι
3944 992 4029 1067 te
4056 1020 4151 1065 ...ι

1337 1120 1472 1209 Ob
1528 1123 1973 1235 perfectam
2031 1124 2275 1211 illam
2318 1128 2845 1209 sanctitatem
2873 1187 2900 1234 ,
2950 1125 3047 1207 de
3092 1153 3250 1238 qua
3304 1152 3573 1235 nuper
3616 1122 3979 1212 diximus
3998 1174 4022 1210 ι

1325 1262 1712 1353 Verbum
1765 1262 2385 1353 substantivum
2442 1284 2539 1352 ut
2608 1268 2891 1355 futuro
2946 1270 3420 1383 suppleatur
3494 1286 3867 1382 tempore
3898 1332 3929 1381 ,
4004 1296 4149 1357 se·-

1093 1417 1253 1501 ries
1309 1408 1730 1497 orationis·
1759 1439 1868 1523 po
1893 1410 2205 1525 stulat',
2252 1430 2367 1497 -ut
2419 1430 2691 1525 patet.

1119 1620 1131 1635 .
1207 1556 1266 1645 8
1359 1552 1574 1643 Veni
1623 1552 1726 1640 cle
1768 1553 2089 1651 Libano
2125 1620 2150 1667 ‚
2216 1552 2551 1667 Sponsa
2582 1621 2607 1668 ‚
2667 1556 2867 1641 veni
2918 1552 3022 1642 de
3062 1554 3379 1643 Libano
3413 1620 3438 1668 ,
3498 1552 3751 1641 veni!
3818 1552 4147 1665 Aspice

1453 1728 1514 1787 a
1582 1700 1900 1787 vertice
1956 1698 2355 1785 Amonae
2386 1763 2411 1810 ‚
2484 1726 2541 1783 a
2598 1699 2911 1784 vertice
2968 1698 3238 1786 Seniri
3276 1762 3303 1811 ‚
3388 1714 3465 1787 et
3520 1696 3953 1786 Hermonis
3982 1762 4011 1811 ,
4076 1726 4143 1787 a

1447 1842 1895 1943 domiciliis
1959 1840 2477 1927 Leaenmum
2512 1905 2537 1951 ,
2597 1867 2654 1924 a
2711 1836 3157 1929 Montibus
3212 1838 3747 1929 Par-dorum!

1339 1989 1523 2101 Quo
1563 1988 1861 2103 flagret
1907 1984 2279 2070 Dilectus
2322 1981 2719 2068 desiderio
2762 1986 3323 2069 conversionis
3366 1984 3662 2099 Populi
3723 1982 4150 2091 Hebraei,

1007 2164 1014 2173 ·
1097 2163 1204 2219 ex
1255 2132 1384 2218 his
1445 2128 1718 2217 verbis
1773 2132 2142 2215 maxime
2203 2130 2729 2243 perspicuum
2780 2143 2905 2210 est
2934 2188 2955 2211 .
3002 2125 3214 2211 Eam
3274 2132 3503 2213 enim
3546 2146 3884 2246 gentem
3946 2154 4153 2213 mox

1091 2301 1484 2389 sponsam
1541 2270 1796 2386 ipsius
1870 2274 2241 2358 futuram
2300 2272 2895 2355 studiosissime
2952 2286 3193 2353 vocat
3250 2300 3293 2352 e
3352 2266 3686 2354 Libano
3718 2335 3742 2383 ,
3806 2273 3963 2356 hoc
4020 2290 4145 2358 est

1095 2446 1151 2501 e
1193 2416 1552 2529 Templo
1601 2414 2387 2535 Hierosolymitano
2420 2472 2440 2495 .
2505 2408 2636 2495 Sic
2692 2412 2921 2494 enim
2976 2408 3181 2493 illud
3222 2410 3683 2526 Templum
3740 2431 3823 2496 et
3884 2444 3931 2499 a
3974 2412 4143 2501 Za-

1101 2560 1382 2644 charia
1411 2620 1438 2670 ,
1520 2572 1606 2643 et
1677 2554 1783 2643 ab
1841 2548 2272 2641 E‘zechiele
2344 2552 2845 2667 appellatum
2901 2566 3026 2636 est
3088 2554 3266 2660 (1).
3340 2553 3669 2640 Vocans
3740 2572 4019 2640 autem
4096 2588 4143 2644 e

1099 2698 1464 2815 Templo
1493 2760 1522 2813 ,
1581 2727 1770 2786 eam
1821 2716 2060 2787 vocat
2123 2728 2166 2782 e
2225 2695 2521 2782 ritibus
2554 2759 2581 2809 ‚
2644 2712 2727 2783 et
2785 2694 3099 2810 reliqua
3172 2699 3753 2811 superstitione
3827 2700 4147 2807 judaica

1005 2842 1010 2849 ’
1095 2844 1194 2929 in
1247 2843 1611 2957 Templo
1669 2840 2180 2927 Ezechielico
2238 2858 2424 2953 post
2481 2842 2843 2925 reditum
2898 2840 2948 2923 J
2960 2843 3453 2952 udaeorum‚
3521 2834 3620 2925 de
3678 2870 3843 2957 quo
3902 2842 4147 2951 supra

1100 2989 1470 3073 diximus
1500 3051 1525 3099 ,
1587 2989 1963 3073 restituta
1998 3020 2021 3097 3
2057 2988 2180 3069 ‘in
2237 3016 2399 3101 quo
2458 3002 2780 3099 praeter
2836 2981 3353 3068 detestabiles
3414 2984 3973 3071 caeremonias
4040 2982 4145 3069 ad

1093 3128 1680 3215 celebrandam
1723 3157 2019 3213 eorum
2077 3134 2571 3215 memoriam
2631 3131 2774 3243 qui
2814 3128 3104 3214 Jesum
3148 3129 3577 3213 Christum
3620 3128 4127 3237 occiderant,

1089 3245 1574 3383 nuperrime
1635 3268 2044 3354 Draconis
2077 3334 2102 3383 ‚
2163 3289 2246 3356 et
2302 3269 2789 3355 Antichristi
2850 3271 3251 3387 imagines
3312 3288 3396 3357 et
3452 3276 3775 3355 statuae
3844 3272 4143 3354 adora-

1092 3410 1408 3497 bantur
1435 3478 1462 3525 ,
1509 3430 1594 3499 et
1649 3412 2131 3500 colebantur
2171 3446 2221 3500 a
2262 3414 2311 3499 J
2320 3417 2595 3507 udaeis
2655 3418 2793 3529 qui
2837 3413 3450 3501 Antichristum
3510 3444 3683 3501 esse
3730 3414 4144 3501 Messia'm

1099 3554 1262 3643 sibi
1319 3573 1890 3670 persuaserant
1921 3618 1943 3641 .
2018 3556 2182 3641 Eos
2253 3559 2504 3673 igitur
2580 3555 2952 3641 Dilectus
3026 3554 3131 3640 ab
3206 3558 3337 3645 his
3406 3538 3853 3643 sceleribus
3932 3558 4131 3639 nori

1100 3700 1326 3783 illius
1383 3698 1724 3813 Templi
1781 3697 2349 3784 amantissime
2418 3700 2544 3782 his
2600 3694 2869 3783 verbis
2928 3698 3407 3785 dehortatur
3438 3762 3463 3811 ,
3526 3728 3623 3783 ac
3678 3701 3783 3783 ad
3840 3730 3929 3784 se
3990 3726 4139 3781 vo-

1101 3856 1289 3923 cat.
1337 3838 1498 3925 Sed
1553 3843 1744 3954 quia
1797 3870 1969 3924 non
2015 3840 2645 3961 Hierosolymae
2701 3844 2974 3926 solum
3034 3845 3231 3929 haec
3274 3863 3647 3930 monstra
3679 3911 3704 3955 ‚
3764 3848 3905 3929 sed
3966 3860 4141 3927 tota

1102 4008 1430 4095 quoque
1470 3970 1781 4100 Iudaea
1815 4045 1840 4094 ‚
1889 3999 1971 4067 et
2023 3987 2453 4097 praecipue
2510 3987 2600 4067 in
2642 3983 3113 4097 montibu8‚
3160 4005 3405 4104 atque
3462 3985 3619 4072 sub
3682 3989 3817 4071 dio
3876 3986 4142 4071 scele-

1102 4141 1280 4211 rata
1322 4124 2265 4243 Antichristi--mysteria
2310 4120 2939 4210 celebrabantur
2969 4190 2994 4236 ,
3032 4128 3332 4213 idcirco
3367 4130 3737 4215 Dilectus
3782 4130 3831 4215 J
3839 4136 4139 4217 udaeos

1103 4298 1158 4353 a
1214 4266 1646 4355 montibus
1705 4266 2527 4379 Amanae,·Seniri‚
2591 4284 2672 4352 et
2734 4268 3177 4354 Hermonis
3240 4288 3534 4383 vocat,
3620 4276 3899 4386 paucis
3968 4276 4147 4359 istis

1106 4410 1288 4499 loco
1373 4412 1758 4497 omnium
1831 4412 2499 4498 commemoratis
2542 4476 2569 4529 ‚
2639 4416 2735 4499 in
2804 4410 3104 4526 quibus
3182 4416 3493 4503 feroces
3562 4418 3748 4503 illae
3819 4416 4147 4503 belluae

1194 4783 1288 4864 (ι)
1337 4780 1566 4869 Aperi,
1631 4779 1908 4857 Libane,
1977 4795 2192 4867 portas
2251 4796 2434 4860 tuas,
2512 4799 2577 4853 et
2662 4786 2835 4854 venit
2896 4786 2995 4865 ad}-
3041 4786 3399 4863 Libanum,
3462 4806 3530 4861 et
3587 4790 3733 4859 tulit
3796 4760 4160 4859 medellam

1103 4890 1402 4959 comedat
1448 4894 1614 4981 ignis
1659 4894 1882 4963 cedros
1923 4910 2106 4965 tuas.
2150 4902 2341 4967 zach.
2368 4900 2484 4965 xl.
2516 4920 2577 4968 ι.
2670 4902 2881 4969 cedri.
2923 4906 3141 4991 E3ec11.
3185 4906 3387 4975 XVII.
3433 4928 3499 4991 3.

1181 5004 1410 5093 Aquila
1453 5008 1706 5095 grandis
1749 5031 2128 5101 magnarum
2178 5014 2423 5082 alatum
2458 5056 2481 5083 .
2510 5055 2531 5082 .
2564 5054 2587 5079 .
