4500 6184
1147 536 1268 637 64
1773 561 1782 572 ·
1968 513 2072 594 π
2118 503 2397 618 Cn'ud‘n
2439 503 2995 591 ermrmmvt
3054 495 3129 582 Ι.

1041 699 1124 768 et
1198 680 1292 759 in
1363 664 1688 752 aethere
1743 645 2194 758 sublimis,
2257 642 2640 740 ‘universo‘
2700 637 3191 726 Sanctorum
3250 633 3727 721 comitante.
3766 627 4071 725 coetu!

1050 816 1393 922 Veniet,
1457 805 1740 921 inquit
1784 795 2275 912 Zacharias,
2338 785 2743 873 Dominus
2788 777 3023 870 Deus
3074 809 3361 866 meus:
3442 779 3749 863 Omnes
3776 778 4071 864 Sancti

1040 973 1311 1046 tecum
1374 946 1666 1064 erunt!
1747 939 1936 1064 Erit
1995 951 2267 1022 autem
2328 935 2475 1016 itta
2514 928 2711 1013 die:
2785 925 2993 1010 Non
3064 927 3213 1010 erit
3284 927 3441 1008 lux
3484 919 4072 1049 splendorum
4042 967 4073 1037 ‚-

1043 1110 1126 1182 et
1181 1059 1897 1184 condensationis'.
1955 1080 2122 1166 Sed
2175 1079 2328 1164 erit
2382 1041 2577 1162 dies
2620 1077 2799 1155 u'na
2854 1073 3050 1179 (ea
3064 1045 3559 1186 agnoscetur
3598 1059 3989 1153 Domini!
4038 1073 4072 1176 )

1045 1270 1210 1330 non
1268 1237 1502 1345 dies,
1557 1256 1816 1346 neque
1870 1249 2102 1310 nox.
2178 1219 2327 1306 sed
2380 1219 2540 1304 lux
2582 1213 2699 1300 acl
2738 1226 3064 1330 tempus
3106 1211 3659 1322 vesper-tinum
3704 1215 3857 1298 erit
3898 1203 4075 1324 (1)',

1041 1381 1174 1471 'Ac
1246 1378 1648 1464 Aethan:
1739 1367 1972 1457 Caeli
2038 1364 2453 1451 mirabilia
2522 1375 2667 1447 tua
2700 1421 2729 1471 ,
2799 1348 3204 1465 Domine,
3276 1353 3855 1463 celebrabunt,
3924 1352 4085 1438 Fi·-

1047 1525 1397 1637 demque
1483 1531 1715 1601 tuam
1803 1513 1884 1595 in
1954 1505 2445 1594 Sanctorum
2516 1493 3281 1588 coetu.1amvero
3348 1497 3537 1610 quis
3606 1497 3689 1606 in
3732 1493 4087 1587 aethere

1047 1693 1246 1754 cum
1310 1657 1666 1746 Domino
1727 1651 2240 1766 confhretur,
2296 1647 2593 1732 similis
2651 1645 2801 1729 erit
2846 1635 3198 1727 Domino
3240 1669 3291 1726 e
3338 1629 3763 1752 potentum
3788 1639 4091 1759 filiis?

1056 1798 1678 1892 formidandus
1750 1795 1903 1880 erit
1959 1794 2331 1918 maxime
2388 1783 2619 1876 Deus
2691 1789 2771 1872 in
2828 1785 3320 1874 Sanctorum
3390 1800 3699 1900 coetu,
3767 1788 4089 1872 terribi-

1057 1947 1326 2064 lisque
1370 1969 1629 2052 supra
1676 1963 1954 2024 omnes
2013 1937 2160 2052 qui
2198 1937 2509 2022 'circum
2552 1936 2822 2045 ipsum
2862 1945 3147 2042 erunt,
3177 1925 3535 2016 Domine
3568 1924 3799 2016 Deus
3842 1957 4095 2020 exer-
4216 1931 4245 1942 ⁶

1061 2086 1377 2172 cituum
1415 2147 1438 2194 ,
1499 2082 1685 2198 quis
1745 2081 1870 2162 tui
1923 2080 2217 2164 similis
2245 2080 2415 2164 'erit
2433 2075 2965 2192 ,fortissime
3003 2069 3408 2172 Domine?
3462 2067 3593 2159 At
3648 2061 3902 2161 Fides
3946 2087 4092 2156 tua

1062 2227 1506 2313 comitatus
1565 2234 1804 2306 erunt
1860 2221 1988 2302 tui
2061 2224 2249 2328 (2).
2338 2218 2605 2329 Idest,
2670 2219 2757 2308 hi
2817 2221 3021 2332 quos
3096 2213 3433 2320 comites
3496 2249 3755 2336 quum
3806 2221 4095 2303 venies

1066 2363 1468 2476 habebis,
1530 2363 1652 2446 illi
1724 2387 2010 2445 omnes
2089 2375 2400 2469 erunt,
2470 2360 2611 2473 qui
2684 2357 2973 2442 Fidem
3020 2343 3311 2444 mam*
3334 2349 3671 2472 professi
3726 2343 4096 2475 fuerint,

1073 2527 1157 2597 et
1209 2505 1959 2622 propugnaverint.
2028 2497 2146 2584 Ut
2201 2527 2409 2616 ergo
2454 2498 2587 2582 hic
2606 2561 2632 2608 ,
2730 2495 2833 2582 ab
2894 2495 3267 2586 Aethane
3317 2503 3774 2590 universus
3849 2503 4101 2587 caeli-2

1069 2667 1258 2740 tum
1318 2664 1594 2734 coetus
1615 2710 1640 2759 ,
1701 2648 1844 2763 qui
1885 2645 2138 2728 fidem
2181 2643 2654 2751 coluerunt,
2714 2639 2803 2724 F
2796 2641 2969 2726 ides
3026 2641 3475 2755 appellatur
3496 2669 3529 2754 ·,
3590 2639 3705 2728 ita
3750 2631 4099 2730 universs

1073 2823 1213 2882 sus
1273 2792 1753 2876 eorumdem
1811 2801 2087 2870 coetus
2108 2848 2132 2893 ,
2195 2785 2389 2898 quia
2455 2783 2974 2868 sanctitatem
3012 2781 3463 2896 tonuerunt
3492 2847 3516 2894 ,
3578 2799 3760 2868 tum
3820 2771 3895 2868 α’
3928 2786 4103 2870 Da*

1075 2937 1270 3020 vide
1325 2935 1480 3018 hoc
1538 2931 1718 3016 loco
1749 2993 1775 3039 ,
1867 2942 2051 3012 tum
2109 2921 2213 3010 ab
2276 2925 2451 3010 aliis
2510 2921 2937 3036 Prophetis
3016 2925 3397 3036 persaepe
3462 2911 3865 3011 Sanctum
3914 2994 3941 3039 ,
4028 2944 4109 3013 et

1079 3073 1500 3160 Sanctitas
1549 3072 1902 3177 dicitur3
1979 3067 2271 3152 eodem
2340 3091 2667 3176 prorsus
2739 3063 3031 3173 mod0,
3096 3043 3266 3180 quo
3298 3066 3695 3152 'unirersi-
3740 3069 4047 3154 civium
4077 3136 4106 3183 ,

1087 3233 1170 3300 et
1227 3213 1636 3298 nobilium
1700 3209 2024 3293 ordines
2081 3207 2281 3290 dicti
2336 3218 2537 3288 sunt
2593 3233 2642 3290 a
2700 3201 3022 3292 Latinis
3058 3206 3444 3320 'civitas,
3522 3223 3605 3292 et
3654 3203 4107 3295 nobilitas}

1079 3354 1483 3492 Exempla
1536 3352 2054 3465 proferentur
2113 3350 2363 3436 aliae.

1327 3499 1680 3582 Crucem
1733 3497 2010 3609 itaque
2054 3492 2413 3578 Davides
2454 3491 2700 3601 vidit,
2762 3493 2857 3574 in
2896 3493 3281 3578 universo
3342 3491 3835 3581 Sanctorum
3876 3513 4117 3583 coetu

1085 3643 1563 3725 venientem
1608 3637 2080 3723 Dominum
2119 3652 2503 3730 nostrum
2543 3633 2592 3720 J
2598 3662 2836 3722 esum
2850 3635 3321 3750 Christum,
3363 3633 3893 3724 comitatur-0.
3940 3631 4121 3748 Qua

1092 3783 1432 3896 quidem
1504 3781 1814 3864 visione
1883 3779 2145 3888 aptior
2227 3777 2462 3861 nulla
2546 3791 2719 3860 erat
2800 3775 2905 3859 ad
2976 3775 3570 3865 ostendendam
3641 3781 3757 3864 illi
3828 3777 4123 3862 Crucis

1091 3923 1575 4036 potentiam,
1619 3949 1712 4005 ac
1742 3923 2299 4030 majestatem.
2344 3916 2818 4004 Potentiam
2862 3923 3225 4034 quidem,
3270 3923 3461 4037 quia
3501 3938 3625 4007 tot
3675 3921 3813 4008 illa
3852 3953 4117 4039 paene

959 4079 968 4087 ·
1095 4060 1734 4150 innumerabilia
1775 4063 2270 4150 Sanctorum
2326 4065 2583 4182 millia
2606 4129 2633 4178 ,
2691 4094 2837 4179 per
2890 4063 3249 4149 Crucem
3307 4061 3633 4148 videbat
3690 4061 3960 4176 'erepta
4018 4095 4121 4148 ex

1089 4207 1552 4294 'inferorum
1633 4202 2004 4291 faucibus
2047 4269 2074 4314 ,
2153 4207 2709 4319 instructaque
2778 4207 3027 4292 fuisse
3100 4205 3349 4290 armis
3422 4205 3525 4288 ad
3601 4189 4121 4294 debellandos

1053 4341 1060 4348 ’
1100 4347 1370 4430 hostes
1401 4410 1425 4456 ,
1491 4343 1982 4462 quibuscum
2021 4349 2122 4430 iis
2163 4348 2707 4461 pugnandum
2748 4346 2907 4428 fuit
2948 4372 2971 4426 z
3050 4348 3559 4454 majestatem
3614 4357 3861 4460 vero‘,
3936 4349 4129 4462 quia

1105 4477 1456 4569 Crucem
1513 4484 1842 4572 videbat
1882 4484 1988 4571 ab
2029 4491 2202 4600 ipso
2249 4488 2473 4600 Dec,
2536 4489 3063 4605 Dominoque
3104 4490 3303 4576 Jesu
3346 4492 3715 4602 ChristO,
3774 4519 3959 4582 suas
4020 4491 4133 4572 ciss

1109 4629 1442 4744 catrices
1503 4633 1980 4716 ostendente
2001 4697 2026 4744 ,
2101 4632 2431 4718 allatam
2490 4635 2582 4716 in
2638 4643 3165 4746 conspectum
3226 4635 3707 4744 hominum,
3768 4632 4011 4746 atque
4084 4615 4139 4714 a

1107 4783 1230 4856 tot
1290 4767 1782 4860 Sanctorum
1825 4771 2202 4900 ’millibus
2260 4775 2807 4888 immortales,
2864 4791 2952 4864 ,et
3005 4777 3413 4865 maximas
3451 4778 3763 4893 ··gratias
3821 4773 3940 4857 ini
3982 4793 4133 4884 pro

1201 5103 1290 5182 (¹)
1340 5050 1537 5169 z-acb·
1579 5102 1745 5168 XIV·
1797 5123 1992 5190 quem
2060 5105 2224 5192 apud
2268 5123 2388 5173 nos
2430 5103 2573 5178 vide
2749 5112 2840 5192 (ι)
2890 5105 3567 5176 Psatm.Lxxxvt11.
3630 5121 3828 5195 quem
3896 5096 4137 5166 ibidem

1111 5207 1196 5276 de
1237 5213 1506 5304 Apolog.
1557 5213 1709 5303 Cap.
1754 5215 1956 5282 XXII.
2051 5295 2066 5310 .
2318 5263 2325 5271 -
2460 5262 2473 5282 2
2664 5215 2809 5286 vide
2852 5217 3397 5307 cap.1x.-
