4500 6184
1376 471 1796 562 lanu
1869 463 2457 558 CXru'r'L.
3146 461 3310 555 i23

299 719 308 728 ,
383 623 720 715 miseri
753 617 914 708 sibi
969 613 1604 728 blandiantur,
1677 614 2067 730 ajantque
2137 613 2315 697 sese
2394 637 2575 694 non
2656 635 2831 696 esse
2898 603 3425 722 repudiatos}

389 767 680 854 Unum
711 827 740 876 ,
831 781 916 850 et
997 766 1198 848 item
1281 759 1638 846 alterum
1721 762 2128 875 inspicere
2171 820 2197 869 ,
2286 757 2650 872 legentes
2697 815 2723 865 ,
2808 757 3099 867 opinor
3141 814 3167 864 ,
3250 781 3428 840 non

395 907 759 1028 pigebit.
3416 918 3423 924 ’

627 1051 893 1162 Quid.
869 1045 916 1114 7
971 1047 1250 1135 ullone
1291 1075 1668 1165 unquam
1709 1063 2082 1157 tempore
2122 1041 2627 1126 luculentius
2670 1041 2871 1151 fuit,
2936 1067 3185 1155 quam
3244 1051 3433 1152 post

393 1205 767 1283 eversam
825 1225 872 1278 a
933 1193 1333 1279 Romanis
1397 1179 2122 1310 Hierosolymam,
2183 1185 2625 1302 pulsosque
2685 1183 3084 1268 Hadriani
3144 1185 3319 1304 lege
3378 1218 3427 1272 e

391 1340 654 1448 patria
712 1350 927 1420 terra
985 1336 1340 1421 Judaeos
1393 1337 1596 1419 illud
1657 1333 1814 1416 Dei
1889 1333 1994 1414 ad
2049 1328 2500 1412 Jeremiam
2572 1331 2885 1412 dictum
2914 1324 2958 1409 ?
3020 1325 3228 1414 Non
3296 1341 3428 1411 est

389 1481 678 1566 anima
757 1505 944 1563 mea
1012 1477 1128 1562 ad
1194 1479 1600 1588 populum
1687 1479 1932 1560 istum
1983 1474 2254 1576 :ejice
2325 1472 2509 1554 illos
2578 1499 2633 1554 a
2700 1461 2935 1581 facie
3018 1498 3200 1560 mea
3248 1536 3273 1578 ,
3346 1455 3477 1560 et}

389 1619 915 1735 egrediantur
945 1681 966 1701 .
1033 1616 1272 1729 Quod
1334 1621 1413 1702 si
1477 1618 1838 1704 dixerint
1873 1614 2023 1702 “ad
2095 1631 2226 1700 te:
2311 1612 2483 1724 Quo
2558 1609 3135 1729 egrediemur?
3198 1605 3431 1698 dices

389 1757 520 1846 ad
569 1785 767 1869 eos;
825 1757 1056 1846 Haec
1137 1759 1334 1848 dicit
1394 1758 1798 1846 Dominus
1849 1791 1869 1846 ε
1953 1759 2110 1871 Qui
2177 1760 2295 1844 ad
2360 1772 2699 1865 mortem
2734 1822 2758 1867 ,
2830 1755 2947 1840 ad
3013 1769 3435 1866 morte-mg

386 1915 478 1989 et
517 1902 666 2016 qui
719 1899 836 1985 ad
864 1899 1238 2017 gladium
1275 1903 1300 2009 ,'
1373 1901 1488 1986 ad
1519 1902 1952 2018 gladium3
2008 1915 2094 1984 et
2135 1901 2285 2014 qui
2336 1897 2451 1986 ad
2484 1898 2807 2012 fizmem
2844 1964 2869 2011 ,
2912 1894 3028 1984 ad
3046 1893 3431 2011 flumem,

393 2061 479 2132 et
535 2049 680 2160 qui
735 2042 851 2128 ad
904 2043 1474 2152 captivitatem
1512 2109 1535 2154 ,
1625 2041 1740 2126 ad
1807 2042 2381 2151 captivitatem
2463 2101 2978 2126 ........
3055 2036 3435 2128 Divitias

391 2196 594 2270 tuas
628 2250 655 2297 ,
719 2201 800 2270 et
865 2186 1298 2270 thesauros
1369 2199 1558 2269 tuos
1630 2187 1712 2268 in
1784 2184 2311 2294 direptionem
2384 2185 2599 2270 dabo
2658 2185 2934 2301 'gratis
3011 2185 3091 2268 in
3162 2185 3435 2269 omni-

388 2327 556 2409 bus
615 2325 985 2435 peccatis
1037 2327 1281 2435 mis,
1350 2341 1436 2410 et
1492 2329 1572 2412 in
1641 2329 2017 2413 omnibus
2092 2332 2455 2412 terminis
2527 2330 2691 2413 tuis
2730 2392 2749 2413 .
2825 2303 2943 2410 Et
3014 2326 3441 2414 adducam

391 2469 776 2553 inimicos
833 2481 1020 2550 tuos
1077 2467 1178 2550 de
1237 2455 1512 2580 terra,
1567 2497 1820 2582 quam
1877 2471 2202 2576 nescis3
2264 2471 2459 2583 quia
2523 2471 2733 2586 ignis
2792 2500 3245 2558 succensus
3308 2485 3437 2554 est

393 2609 484 2692 in
522 2607 822 2722 fitrore
874 2613 1107 2694 meo:
1183 2621 1435 2722 super
1487 2641 1642 2696 vos
1704 2600 2017 2697 ardebit
2085 2615 2258 2716 (1).
2320 2611 2807 2698 Audiuntne
2858 2627 3215 2724 peccata
3276 2641 3437 2702 sua

395 2745 754 2858 Judaei,
827 2769 922 2835 ut
983 2753 1115 2837 hic
1185 2757 1655 2870 iniquitates
1729 2769 1810 2838 et
1845 2741 2673 2896 praevaricationes
2708 2781 2911 2838 suas
2982 2753 3087 2842 ab
3161 2750 3443 2843 Isaia?

397 2891 828 2978 Putantne
885 2925 972 2979 se
1031 2899 1392 2984 invenire
1453 2902 1816 3015 gratiam
1873 2911 2063 2980 ante
2119 2899 2406 2982 oculos
2458 2898 2633 2980 Viri
2693 2899 2820 2979 sui
2888 2894 3041 2979 Dei
3082 2925 3443 3012 ,·quum

399 3035 576 3144 ipse
639 3036 788 3122 Vir
851 3035 1088 3121 Deus
1125 3066 1284 3122 non
1357 3045 1538 3122 es'se
1595 3041 1960 3124 animam
2031 3063 2277 3122 suam
2350 3039 2452 3121 ad
2526 3039 2923 3150 populum
2985 3041 3240 3122 istum
3302 3068 3463 3122 as-·

403 3173 800 3259 severet?
853 3176 989 3260 An
1046 3177 1444 3264 nondum.⁸
1469 3184 1906 3288 sentiunt,
1967 3209 2055 3262 se
2113 3195 2289 3278 esse
2346 3179 2683 3288 ejectos,
2750 3165 3183 3296 egredique
3245 3191 3439 3266 'coa-

404 3313 640 3402 ctos?
701 3315 1049 3404 Nihilne
1107 3325 1319 3432 apud
1382 3327 1590 3432 ipsos
1667 3325 2220 3407 valent'mors
2257 3387 2280 3432 ,
2358 3323 2728 3439 gladius,
2792 3325 3105 3433 fames,
3171 3323 3435 3434 eapti-

400 3457 691 3545 vitas?
750 3461 1098 3547 Nihilne
1171 3457 1525 3577 direptae
1586 3470 1832 3582 gratis
1891 3468 2215 3550 divitiae
2247 3528 2275 3574 ,
2340 3466 2845 3578 expilatique
2916 3463 3279 3548 thesauri
3342 3466 3437 3546 in

403 3597 818 3684 omnibus·
869 3605 1239 3714 ipsorum
1303 3605 1744 3690 terminis?
1803 3605 2041 3692 Nihil
2109 3607 2379 3690 hostes
2443 3601 2547 3689 ab
2608 3606 2907 3720 ignotis
2978 3606 3178 3687 olim
3240 3607 3433 3716 ipsis

407 3744 652 3826 terris
713 3743 1114 3830 adducti?
1161 3745 1410 3832 Nihil
1461 3748 1600 3830 hic
1647 3751 2186 3842 continenter
2217 3747 2525 3830 ⁴ardens
2582 3741 2823 3859 ‘super
2878 3777 3012 3834 eos
3068 3749 3436 3836 ferme-a

404 3886 704 4002 viginti
763 3889 1054 4015 seculis
1103 3889 1323 4006 'ignis
1377 3891 1672 3992 furoris
1719 3891 1878 3974 Dei
1937 3893 2091 3973 viri
2151 3885 2355 3973 sui?
2406 3889 2743 3974 Audent
2800 3907 3017 3975 certe
3076 3869 3433 4007 negare,

403 4053 500 4109 se
560 4058 734 4113 esse
792 4017 1300 4142 re'pudia'tOS,
1360 4038 1588 4148 quasi
1653 4036 1849 4118 haec
1905 4049 2032 4116 tot
2064 4098 2089 4145 ,
2155 4047 2445 4143 tanta,
2524 4048 2701 4117 tam
2773 4037 3163 4122 diuturna
3220 4031 3435 4116 nihil

405 4171 638 4281 sint3
702 4188 846 4256 aut
873 4236 900 4280 ,
961 4189 1058 4258 ut
1117 4203 1586 4285 summum,
1651 4178 1866 4261 leves
1915 4178 2329 4294 ‘quaedam
2385 4177 2553 4260 sint
2610 4179 3178 4293 castigationes
3226 4175 3429 4281 viri,

418 4319 576 4431 qui·
625 4315 864 4401 uxori
923 4315 1254 4430 quidem
1303 4333 1826 4425 succenseat,
1895 4321 2074 4401 sed'
2119 4345 2304 4399 eam
2369 4343 2545 4398 non
2616 4317 3037 4428 repudiet:
3104 4319 3302 4432 qui,
3364 4314 3451 4398 si'

411 4455 843 4566 repudiare
897 4455 1166 4563 vol’et,
1233 4457 1482 4568 quid,
1545 4444 1900 4570 quaeso,
1962 4459 2224 4543 facere
2282 4459 2635 4573 amplius
2695 4453 3070 4571 poterit?

650 4596 880 4680 Alter
935 4598 1162 4682 locus
1223 4625 1472 4712 quem
1525 4599 1862 4710 polliciti
1919 4631 2250 4714 sumus,
2314 4632 2359 4686 e
2418 4631 2583 4716 quo
2628 4616 2949 4686 constat
2978 4664 3007 4710 ,
3070 4597 3432 4684 Iudaeo-

413 4766 610 4824 rum
679 4755 1020 4853 gentem
1091 4743 1604 4854 repudiatam
1661 4770 1832 4826 esse
1861 4805 1889 4857 ,
1947 4741 2106 4828 hoe
2159 4741 2552 4830 libentius
2612 4741 2928 4828 duabus
3008 4744 3106 4825 de
3166 4741 3432 4824 causis

1282 4891 1288 4900 .
2554 4911 2605 4998 q
2671 4911 2729 4966 2
3324 4893 3331 4899 .

507 5069 605 5150 ξι)
652 5065 772 5139 let.
817 5065 958 5132 XV.
1007 5089 1062 5139 ι.
1113 5092 1172 5136 2.
1219 5091 1321 5154 ¹3·
1371 5092 1470 5150 14.
