4500 6184
477 585 512 626 v
647 541 706 620 ai
755 539 948 624 aliter
977 561 1122 618 vox
1175 537 1310 636 ipsa
1357 535 1732 638 explicetur
1762 585 1786 627 2
1837 541 1972 625 iam
2010 538 2092 615 de
2145 531 2299 634 ipso
2368 537 2805 614 oraculorum
2842 556 3109 635 stopo,
3144 535 3227 646 dxe
3275 561 3491 620 vero.

599 685 1114 762 germanoque
1169 661 1440 736 illorum
1493 683 1744 746 aenan,
1815 661 2028 754 deque
2083 660 2223 756 ipsa
2278 657 2694 743 necessaria,
2778 676 2846 736 et
2896 659 3157 754 optima
3202 680 3493 740 eonsen-

655 786 848 862 sione
901 785 1191 878 partium
1249 780 1428 858 inter
1475 803 1600 862 se,
1647 796 1866 858 actum
1917 779 2210 858 omnino
2258 779 2391 854 ait.

459 903 714 1002 Ecquid
752 927 918 978 vero
969 903 1216 978 mirum
1269 903 1320 976 ai
1377 919 1731 992 tempore,
1763 923 1902 992 quo
1949 875 2346 992 prophetiae
2402 897 2609 978 factae
2660 916 2863 982 sunt,
2918 903 3197 994 quando
3248 860 3490 1000 nempe

663 1050 768 1108 res
817 1029 1035 1118 ipsas,
1093 1049 1268 1120 quas
1319 1027 1432 1100 SS.
1467 1025 1613 1098 Viri
1663 1024 2190 1116 praedicebant,
2268 1025 2480 1099 adhuc
2540 1025 2835 1100 occultat
2889 1045 3029 1100 esse
3076 1029 3493 1118 oportebat,

587 1242 594 1254 Ι
653 1147 1068 1232 ¹vaticinium
1145 1148 1230 1231 de
1301 1147 1729 1224 Sacro-sancta
1797 1143 1946 1217 Filii
2025 1145 2139 1216 Sui
2189 1143 2416 1217 Cruce
2491 1143 2649 1222 voci
2727 1141 2826 1217 illi
2904 1151 3493 1224 commendaverit

657 1269 844 1350 Deus
879 1315 902 1352 ,
951 1291 1120 1360 quae
1169 1267 1293 1348 etsi
1344 1270 1422 1342 ad
1459 1269 1753 1344 Crucem
1799 1266 2301 1362 significandam
2352 1285 2501 1359 apta
2548 1265 2805 1348 fuerit,
2838 1267 2919 1342 ad
2970 1289 3199 1350 sensus
3250 1287 3488 1354 tamen

673 1392 882 1485 longe
931 1392 1234 1462 diversos
1285 1388 1523 1482 passim
1577 1389 2152 1482 detorquebatur?
2201 1387 2277 1458 Id
2326 1387 2507 1459 enim
2564 1387 2699 1480 ipsa
2768 1389 3179 1482 prophetiae
3233 1389 3501 1465 indoles

665 1511 982 1606 profecto
1032 1510 1462 1602 postulabat.
1541 1510 1950 1592 Laetandum
2007 1509 2202 1583 nobis
2253 1527 2359 1582 est
2405 1509 2675 1601 potius,
2751 1529 2950 1602 atque
3008 1513 3493 1604 gaudendnm5

665 1636 862 1727 quod,
905 1635 1090 1714 Deus
1139 1649 1393 1706 tantum
1451 1631 1518 1704 in
1565 1632 1652 1705 cl.
1685 1635 1768 1702 A.
1821 1631 2164 1726 ingenium
2194 1678 2218 1712 ,
2264 1651 2646 1724 tantamque
2698 1655 2925 1705 rernm
2980 1655 3317 1708 sacrarum
3370 1636 3499 1706 do·

661 1756 942 1828 ctrinam
993 1756 1410 1838 contulerit,
1468 1773 1540 1828 ut
1589 1778 1664 1827 ea
1716 1754 1853 1847 ipsa
1903 1757 2171 1828 oracula
2202 1803 2222 1834 ,
2272 1778 2443 1846 quae
2497 1777 2637 1844 per·
2670 1773 2775 1826 tot
2830 1757 3097 1827 saecula
3148 1756 3497 1850 incognita

619 1869 850 1951 'fuere
885 1923 908 1960 ,
959 1897 1138 1961 nunc
1190 1878 1456 1950 tandem
1509 1876 1966 1954 innotescant.
2023 1879 2151 1948 Sed
2197 1897 2519 1968 quantum
2572 1877 2641 1950 in
2694 1877 3031 1952 altissimis
3082 1880 3151 1950 3.
3182 1881 3495 1972 Scriptu-

667 2022 778 2071 rae
827 1999 1062 2073 studiis
1109 2000 1534 2092 profecturus
1587 2018 1759 2071 esset
1813 1999 1935 2070 Vir
1985 2001 2079 2070 cl.
2109 2046 2131 2079 ‚
2201 1986 2534 2092 quamque
2608 2022 2855 2073 novam
2908 2023 3181 2092 semper
3223 2003 3437 2074 lucem
3472 2051 3495 2085 ,

667 2143 928 2213 opem,
981 2121 1426 2214 patrocinium
1479 2123 1884 2206 ss,1.Ch·1-.
1923 2121 2188 2214 Religio
2239 2122 2321 2194 ab
2370 2143 2459 2194 eo
2524 2139 2695 2196 esset
2767 2139 3204 2212 susceptura,
3278 2123 3495 2194 doctis

669 2240 1000 2314 universis
1051 2259 1276 2314 testata
1329 2245 1459 2324 iam
1517 2240 2172 2333 plenissimefuerat
2214 2240 2652 2314 celeberrima
2696 2265 2825 2313 sua
2874 2244 3231 2333 Religionis
3280 2245 3498 2316 Chri·-

671 2360 918 2435 stianae
971 2363 1308 2459 Apologia
1373 2389 1554 2436 anno
1613 2385 1821 2458 ¹799·
1875 2363 2174 2434 venetiis
2241 2361 2465 2441 edita,
2538 2383 2705 2454 quae
2755 2362 3103 2456 notissima
3168 2366 3493 2438 omnibus

669 2501 818 2564 est,
871 2503 942 2560 et
989 2509 1236 2580 magno
1285 2509 1438 2570 eum
1498 2491 1728 2580 plausu
1783 2503 2060 2577 excepta
2109 2484 2236 2563 fuit
2268 2531 2287 2552 .
2348 2524 2361 2538 ·

475 2601 609 2678 Sed
661 2623 728 2678 et
775 2607 920 2678 alia·
951 2607 1226 2699 insuper
1271 2625 1428 2696 sunt
1483 2607 1549 2682 in
1585 2611 1818 2700 Opere
1870 2605 2000 2676 isto
2033 2649 2056 2686 ‚
2119 2627 2289 2697 qnae
2336 2604 2489 2682 satis
2538 2602 2795 2692 laudari
2845 2628 2985 2688 non
3039 2626 3327 2698 possunt
3356 2653 3375 2676 .
3428 2601 3505 2679 si

633 2727 852 2803 enim
907 2728 989 2796 de
1037 2743 1336 2818 actm-ata
1389 2725 1766 2800 declarandi
1817 2723 2078 2810 ratione
2131 2725 2632 2816 percunctaris,
2682 2725 2751 2802 in
2810 2727 2931 2800 hac
2982 2728 3252 2800 Baldius
3302 2751 3505 2819 pror·

565 2875 576 2884 ·
673 2869 783 2932 ans
819 2845 1058 2929 extitit
1105 2846 1518 2940 singularis;
1565 2845 1619 2916 si
1673 2848 1754 2918 de
1799 2849 2044 2920 ordine
2075 2893 2098 2927 ,
2147 2869 2271 2930 ‚nec
2320 2849 2538 2928 maior
2574 2895 2597 2929 ,
2650 2869 2771 2922 nec
2830 2847 3131 2922 lucidior
3173 2869 3315 2920 esse
3372 2871 3504 2936 po-

677 2974 846 3052 terat
883 2989 924 3038 t·
961 2966 1014 3036 si
1067 2967 1152 3038 de
1185 2967 1580 3059 argumenti
1655 2969 1908 3041 unitate
1938 3015 1962 3049 ,
2029 2987 2210 3048 tan-ta
2282 2972 2651 3052 interaese
2700 2971 3497 3062 consensione.partinm

678 3087 1180 3165 lucubrationes
1229 3088 1393 3166 istae
1443 3089 1932 3174 continentur,
1979 3109 2052 3162 ut
2101 3094 2246 3172 iure
2301 3093 2605 3164 videatur
2635 3139 2657 3173 ,
2708 3093 2967 3191 nul-lum
3024 3096 3203 3167 aliud
3258 3093 3499 3166 adlatis

680 3209 1016 3282 vaticiniis
1063 3235 1208 3290 esse
1261 3213 1612 3305 proprium
1668 3231 2140 3308 argumentum
2187 3235 2437 3304 posse,
2492 3237 2689 3305 quam
2742 3215 2923 3306 quod
2976 3215 3211 3288 iisdem
3268 3241 3303 3286 a
3359 3219 3509 3288 Bal·
3587 3263 3593 3270 -

683 3329 802 3402 dio
852 3332 1175 3420 tributum
1229 3349 1328 3404 est
1362 3381 1378 3404 .
1457 3335 1529 3405 ln
1581 3356 1722 3427 quo
1775 3355 2114 3427 praeterea
2163 3336 2499 3412 scribendi
2549 3358 2796 3428 genere
2870 3353 3127 3408 tantum
3174 3338 3504 3410 excelluit

683 3450 1306 3540 Vinclatissimus,
1351 3472 1431 3526 ut
1479 3478 1622 3530 uno
1669 3459 1879 3528 veluti
1929 3456 2058 3533 ictu
2103 3458 2443 3542 Iudaeos,
2524 3459 3048 3549 incredulosque
3106 3465 3503 3530 nostrornm

683 3588 1074 3664 temporum
1109 3575 1501 3658 refellerit,
1554 3577 2172 3670 atqueldeiecerit.
2241 3575 2335 3650 lta
2388 3595 2670 3668 namque
2716 3576 3139 3650 Christianae
3172 3576 3503 3672 ‚Religio-

685 3695 792 3768 nis
865 3695 1165 3780 indicia,
1241 3698 1671 3790 rationesque
1747 3699 1816 3772 in
1867 3696 2341 3790 antiquissimis
2392 3699 2478 3768 V.
2512 3699 2593 3768 Τ.
2642 3695 2933 3770 oraculis
3008 3694 3364 3789 agnoscit,
3428 3715 3503 3768 ae

623 3913 644 3932 ’
687 3939 1022 4036 gumentis
1067 3897 1162 4024 sic
1213 3944 1560 4024 roborat,
1633 3960 1832 4036 atque
1875 3939 2285 4020 confirmat,
2356 3958 2432 4010 nt
2482 3939 2637 4012 illos
2686 3874 2959 4031 quidem
3012 3937 3093 4011 ad
3140 3955 3443 4030 optatum
3481 3984 3509 4020 ‚

688 4060 1228 4154 promissumque
1279 4061 1583 4136 Messiam
1664 4063 1728 4134 in
1778 4063 1840 4146 J.
1878 4061 1964 4132 C.
2023 4059 2521 4150 agnoscendum
2602 4060 3013 4150 compellat3
3090 4060 3267 4132 hisce
3334 4081 3509 4131 vero

687 4201 1034 4256 sacrorum
1083 4181 1418 4256 librorum
1469 4183 1885 4262 divinitatem
1935 4178 2131 4256 fateri
2181 4179 2449 4252 tandem
2506 4200 2775 4250 necesse
2822 4178 2957 4252 sit.
3012 4178 3208 4271 Quae
3258 4179 3494 4252 omnia

689 4321 1002 4394 quantam
1056 4300 1620 4374 rei·Christianae
1666 4304 1938 4385 lucem,
2009 4316 2467 4394 quantumque
2516 4295 2829 4390 praesidii
2878 4297 3155 4372 afferant
3188 4347 3213 4383 2
3294 4323 3516 4400 nemo,

651 4447 863 4508 -unus
913 4447 1052 4496 non
1107 4422 1336 4492 videt..

435 4525 442 4530 ’
491 4540 697 4621 Nihil
745 4565 960 4638 porro
1013 4549 1168 4623 dico
1217 4551 1300 4618 de
1349 4546 1507 4642 styli
1553 4545 1882 4639 elegantia
1913 4591 1957 4626 ,-
1992 4544 2209 4636 deque
2258 4540 2425 4617 mira
2475 4561 2701 4614 rerum
2754 4539 3072 4616 varietate
3100 4560 3125 4622 3
3201 4538 3367 4612 nihil
3418 4541 3507 4614 de

681 4666 1021 4762 -singulari
1099 4689 1383 4758 prorsus
1431 4667 1762 4747 artificio,
1835 4687 2002 4756 quae
2069 4685 2244 4756 opus
2320 4662 2495 4736 istud
2546 4680 2927 4742 exornant,
3004 4660 3509 4753 plurimumque

593 4835 603 4842 -
692 4789 1230 4870 commendam
1261 4811 1346 4860 ex
1390 4811 1528 4882 quo
1561 4789 1682 4870 fit,
1714 4809 1789 4862 ut
1839 4790 2040 4862 rebus
2087 4786 2247 4881 ipsis
2294 4787 2614 4860 enarratis
2664 4807 2966 4878 magnam
3015 4779 3512 4859 reverentiam,

701 4907 1038 5006 fidemque
1085 4909 1464 4990 concilieta'
1515 4909 1686 4989 nihil
1733 4909 1818 4984 de
1866 4931 2043 4987 nova
2071 4955 2096 4992 ‚
2140 4923 2433 5002 vereque
2480 4904 2857 4982 admirabili
2910 4905 3165 4978 cantici
3216 4899 3514 4974 cantico-
