4500 6184
966 619 969 622 ,
1147 523 1325 610 208
1837 557 1855 606 ε
1940 545 2045 600 ΒΞ
2105 515 2388 602 Cauca
2445 503 3015 602 Vmcnssvm
3069 515 3165 599 V.

922 731 931 736 .
1042 663 1529 780 dignitatem
1600 677 1843 773 atque
1901 662 2491 771 praestantiam
2549 653 2986 742 conferens
3043 653 3421 773 dignitati
3497 682 3590 740 ac
3645 671 4072 816 praestan-

1040 807 1203 890 tiae
1263 834 1490 888 rosae
1530 803 1872 932 liliique
1940 803 2323 888 Samnis.
3245 823 3252 830 ’

1250 917 1778 1054 Coniunctio
1834 957 1915 1028 et
1970 972 2177 1058 quae
2234 955 2360 1026 est
2417 943 2506 1024 in
2561 940 2976 1058 Vulgat0‚
3035 969 3248 1024 non
3269 956 3395 1023 est
3448 939 3666 1050 apud
3726 933 4076 1049 Septua-

1046 1094 1329 1208 ginta,
1384 1116 1564 1169 nec
1636 1086 1729 1168 in
1784 1081 2221 1199 Hebran,
2295 1086 2388 1168 in
2458 1115 2620 1201 quo
2675 1087 3144 1204 asyndetus
3216 1085 3418 1168 haec
3475 1081 3738 1166 oratio
3795 1077 4078 1239 pluri-

1022 1259 1289 1315 -mum
1347 1245 1591 1343 auget
1644 1226 2043 1310 affectus.
3219 1229 3228 1243 '

1108 1369 1333 1456 Dil.
1417 1395 1473 1452 2
1525 1364 1676 1470 Ut
1742 1368 2008 1452 lilium
2096 1369 2304 1454 inter
2367 1371 2656 1480 spinas
2699 1429 2728 1480 ,
2767 1367 2940 1456 sic
2997 1367 3382 1455 Amica
3394 1393 3600 1450 mea.
3649 1381 3792 1449 ‘est
3873 1365 4084 1450 inter

1394 1507 1731 1604 Filias
1714 1510 1733 1570 Ι
3079 1515 3090 1538 ’
3615 1531 3620 1538 ·

1056 1757 1063 1764 ³
1288 1651 1470 1737 Hoc
1530 1669 1651 1756 est
1708 1654 1929 1734 inter
1988 1652 2183 1735 alias
2244 1651 2692 1738 Ecclesias-

1166 1792 1341 1880 Sul.
1430 1797 1487 1881 3
1580 1792 1687 1878 Ut
1743 1793 2049 1880 Malus
2110 1799 2317 1882 inter
2369 1795 2814 1882 Silvestres
2869 1801 3272 1906 arbores,
3345 1795 3472 1880 sic
3529 1809 3651 1876 est
3705 1787 4080 1877 Dilectus
4139 1867 4144 1870 .

1392 1963 1626 2018 meus
1687 1938 1895 2019 inter
1922 1936 2235 2051 filios.
2216 1937 2233 1992 ⁸

1290 2075 1405 2160 Ut
1482 2079 1765 2162 Crucis
1824 2077 2065 2162 arbor
2138 2084 2424 2164 ceteris
2500 2097 2853 2192 praestat.
2929 2078 3358 2164 arboribus
3405 2142 3430 2190 ,
3525 2081 3637 2160 ita
3713 2024 4088 2212 Dilectus

1048 2253 1285 2307 meus
1346 2220 1730 2306 omnibus
1792 2241 2153 2333 praestat
2211 2221 2733 2308 hominibus.
2783 2222 2870 2308 N
2876 2253 2988 2304 on
3045 2239 3166 2306 est
3226 2219 3776 2304 dubitandum
3807 2221 4090 2332 „quin

945 2411 950 2418 ·
1052 2361 1339 2449 Malus
1404 2364 1647 2448 arhor
1708 2366 1861 2448 hoc
1919 2367 2098 2449 loco
2158 2369 2510 2450 Crucem
2569 2367 3025 2480 significet.
3076 2363 3304 2448 Nam
3364 2387 3569 2475 quae
3623 2375 4092 2472 sequuntur

1050 2531 1313 2618 usque
1384 2509 1487 2588 ad
1558 2536 1890 2590 versum
1954 2507 2416 2619 Septimum
2495 2539 2670 2591 rem
2741 2513 2856 2590 ita
2915 2510 3444 2591 manifestam
3517 2509 3836 2591 faciunt
3881 2569 3905 2615 ‚
3993 2519 4090 2588 ut

1022 2647 1263 2734 ,nihil
1327 2649 1762 2731 desiderari
1824 2648 2171 2758 amplius
2230 2652 2534 2760 possit.
2599 2648 2817 2732 Illud
2877 2648 3209 2730 fortasse
3245 2651 3436 2762 quis
3495 2665 3888 2764 quaerat,
3937 2677 4088 2731 eur

902 2806 913 2822 ⁸
1049 2787 1339 2872 Malus
1391 2805 1591 2898 ‘prae
1650 2777 1937 2870 ceteris
1994 2785 2420 2871 arboribus
2483 2789 2732 2872 electa
2799 2791 3193 2872 divinitus
3251 2791 3357 2873 sit
3415 2793 3518 2874 ad
3577 2819 3908 2873 crucem
3966 2791 4086 2873 si·-

1056 2929 1665 3045 gnificandam.
1728 2925 2051 3010 Satisne
2111 2917 2310 3011 hinc
2371 2945 2491 3011 est
2525 2993 2548 3037 ,
2597 2915 2706 3010 'ut
2763 2927 3000 3011 nobis
3043 2934 3686 3040 persuadeamus
3719 2997 3745 3038 ,
3811 2958 4090 3015 sacro·-

1056 3085 1426 3153 sanctam
1485 3069 1830 3158 Domini
1888 3076 2147 3155 nostri
2206 3071 2253 3154 J
2263 3101 2405 3156 esu
2449 3072 2749 3156 Christi
2811 3101 3142 3154 crucem
3201 3103 3246 3155 e
3309 3091 3606 3156 trunco
3667 3071 3888 3155 illius
3950 3105 4084 3157 ar-

940 3186 950 3192 *
1056 3207 1276 3297 boris
1337 3215 1645 3321 fuisse,
1704 3229 1800 3296 ut
1858 3213 2029 3296 hac
2070 3214 2167 3303 de
2240 3241 2481 3296 causa
2537 3209 2819 3297 Malus
2877 3243 3204 3298 crucem
3266 3218 3355 3296 in
3415 3214 3759 3296 Cantico
3815 3216 4082 3330 signi-

1060 3349 1319 3438 ficet?
1378 3350 1609 3438 Nam
1668 3355 1920 3436 etiam
1982 3354 2286 3466 Capitis
2349 3358 2614 3440 octavi
2657 3387 2900 3443 versu
2957 3362 3248 3470 quinto
3297 3356 3584 3440 Malus
3647 3384 3982 3439 crucem
4043 3388 4084 3442 e

1060 3498 1267 3580 sacri
1346 3491 1795 3606 Scriptoris
1844 3498 2281 3580 manifesta
2353 3501 2763 3585 sententia
2834 3485 3309 3614 significat,
3383 3515 3482 3584 ut
3551 3503 4085 3592 videbimus·
4060 3569 4086 3615 ,

1060 3663 1215 3728 nec
1272 3633 1468 3720 alibi
1521 3653 1935 3746 praeterea
1991 3643 2086 3722 in
2142 3639 2580 3726 Dramate·
2599 3641 2797 3730 haec
2854 3636 3096 3724 arbor
3149 3645 3584 3752 nominata
3644 3663 3821 3732 est:
3883 3648 4093 3734 Per-

1068 3778 1187 3890 git
1246 3775 1795 3863 Sulammitha
1828 3844 1853 3891 ‚
3315 3795 3322 3804 '
4085 3805 4090 3808 ’

1132 3912 1277 3998 In
1331 3921 1627 4004 umbra
1683 3923 1904 4006 illius
1940 3899 2139 4009 ⁴esse
2190 3926 2707 4036 percupio!
2738 3927 2928 4013 Iam
2998 3929 3390 4043 assideo,
3463 3946 3548 4015 et
3579 3927 3922 4045 fructus
3985 3931 4094 4015 il·-

1413 4062 1578 4145 lius
1629 4066 1924 4172 palato
1984 4094 2163 4150 meo
2213 4069 2670 4177 perdulcis
2698 4069 2882 4154 est!

1304 4201 1534 4289 Haec
1616 4209 1810 4290 satis
1898 4209 2294 4320 explicata
2375 4229 2576 4294 sunt
2651 4213 2994 4296 monitis
3038 4277 3064 4323 ,
3150 4243 3360 4328 quae
3421 4216 4090 4327 interposuimus

1065 4343 1377 4430 Textui
1408 4411 1431 4456 ‚
1494 4345 2044 4462 brevibusque
2106 4353 2436 4458 adjectis
2494 4352 3158 4439 adnotationibus
3192 4419 3216 4466 ‚
3290 4385 3496 4470 quae
3583 4357 4090 4442 consulenda

1064 4505 1264 4569 sunt
1306 4518 1327 4570 :
1392 4489 1697 4600 alioqui
1758 4504 1971 4570 recte
2033 4489 2384 4605 intelligi
2439 4489 2676 4576 nullo
2733 4497 2980 4578 modo
3037 4513 3432 4608 poterunt
3463 4559 3486 4580 .

1080 4707 1092 4716 .
1212 4718 1219 4726 ,
1302 4627 1678 4715 Verbum
1730 4627 2344 4717 substantivum
2373 4696 2398 4744 ,
2463 4639 2684 4750 quod
2721 4635 3084 4721 ‘Hebraei
3131 4637 3583 4752 Scriptores
3635 4641 3804 4724 fere
3865 4671 4097 4726 sem-

1065 4793 1212 4878 per
1249 4784 1523 4874 tacent
1553 4835 1577 4884 ,
1624 4803 1833 4897 voce¹
1878 4801 2057 4860 esse
2114 4775 2904 4898 subintelligendum
2947 4797 3068 4866 est
3097 4813 3124 4892 3
3151 4812 3330 4894 ,pro
3391 4811 3556 4897 qua
3612 4781 4040 4897 P-agninus
4074 4857 4106 4918 5

1070 4911 1489 5026 Piscator,
1550 4913 1977 5002 Mercerus
2012 4983 2037 5028 ‚
2100 4918 2498 5006 Vatablus
2559 4925 2850 5006 eodem
2916 4951 3166 5007 sensu
3219 4922 3502 5008 sedere
3573 4923 4024 5036 posuerunt
4073 4984 4094 5005 .

1068 5055 1471 5172 Vulgatus
1529 5058 1751 5141 hunc
1807 5060 2085 5145 locum
2142 5065 2387 5148 vertit
2417 5125 2443 5176 ,
2504 5061 2678 5149 Sub
2741 5061 3034 5168 umbra
3091 5063 3312 5174 illius
3368 5093 3612 5181 quem
3669 5062 4099 5154 desidera-
