4500 6184
1201 434 1372 545 294
1967 451 2076 507 nn
2135 420 2413 507 Caucn'
2476 422 3027 509 VATmmmM
3076 415 3229 505 VI.

1725 709 3513 792 DecLAnA'r—aonns.

1217 1020 1256 1081 1
1356 988 1672 1075 Victori
1727 988 2032 1072 circum
2080 981 2302 1066 Lilia
2336 1046 2361 1094 ,
2402 981 2617 1099 filiis
2670 975 2931 1065 Corae
2978 978 3611 1093 intelligentiam
3672 981 4065 1068 tribuenti
4106 1048 4123 1067 .

1452 1126 1888 1214 Canticum
1949 1122 2461 1211 Dilectarum
2497 1186 2518 1207 .

1334 1272 1564 1380 Quae
1621 1272 1727 1353 sit
1787 1270 2030 1377 hujus
2089 1269 2313 1352 tituli
2371 1258 2835 1377 sententia,
2908 1268 3005 1349 in
3062 1286 3548 1383 argumento
3636 1267 4132 1381 explicatum

1101 1430 1270 1499 est.
1332 1412 1588 1499 Nunc
1651 1414 1748 1496 de
1799 1415 2173 1497 versione
2233 1442 2489 1523 pauca
2548 1413 2887 1495 dicenda
2942 1428 3143 1496 sunt
3175 1472 3196 1493 .
3248 1408 3799 1527 Septuaginta
3833 1471 3858 1518 ‚
3924 1436 4131 1521 quo-

1103 1584 1293 1637 rum
1348 1554 1538 1638 fidei
1595 1554 1994 1671 Vulgatae
2055 1554 2549 1639 Psalterium
2608 1553 2711 1639 ab
2776 1554 3301 1674 Hieronymo
3360 1558 3853 1639 restitutum
3912 1554 4125 1663 fuit,

1102 1722 1296 1777 eum
1354 1700 1467 1779 sic
1527 1690 2120 1783 reddiderunt:
2187 1697 2285 1785 In
2325 1702 2598 1819 finem
2635 1765 2659 1809 ,
2720 1726 2875 1809 pro
2950 1700 3051 1781 iis
3114 1700 3262 1811 qni
3330 1695 4058 1783 commutabuntur
4105 1756 4134 1805 ,

1070 1834 1296 1953 filiis
1363 1834 1566 1921 Care
1623 1837 1736 1922 acl
1793 1841 2286 1926 intellectum
2328 1904 2351 1949 ‚
2412 1840 2827 1925 canticum
2876 1867 3033 1948 pro
3096 1839 3389 1924 dilecto
3437 1898 3460 1921 .
3508 1839 3768 1948 Quam
3822 1837 4137 1919 versio-

1107 2004 1363 2088 nem,
1413 1976 2082 2063 obscurissimam
2129 1982 2356 2064 illam
2400 1980 2730 2094 quidem
2761 2045 2786 2092 ‚
2832 1980 3157 2063 difficile
3206 2010 3379 2065 non
3438 1962 3645 2065 esset
3700 1978 4137 2061 ostendere

1108 2118 1337 2202 illam
1425 2123 1684 2231 ipsam
1768 2118 2066 2205 habere
2147 2126 2647 2205 sententiam
2706 2152 2955 2235 quam
3015 2126 3555 2235 expressimus
3590 2180 3609 2201 .
3674 2117 3939 2202 Aliter
4004 2134 4136 2201 ta·-

1106 2287 1306 2341 men
1366 2276 1541 2359 tam
1599 2280 1904 2346 veteres
1937 2325 1963 2372 ‚
2025 2293 2277 2376 quam
2341 2266 2829 2347 recentiores
2888 2266 3401 2375 interpretati
3464 2279 3666 2348 sunt
3697 2324 3716 2345 .
3779 2259 4071 2373 Aquila
4104 2328 4134 2375 ‚

1109 2416 1204 2483 ut
1246 2418 1367 2483 est
1407 2405 1620 2518 apud
1665 2404 2130 2492 Calmetum
2163 2472 2186 2517 ‚
2233 2412 2525 2491 vertit:
2586 2402 2962 2490 Vincenti
2990 2435 3147 2515 pro
3192 2409 3387 2490 liliis
3416 2408 3807 2527 filiorum
3862 2397 4073 2485 Cere
4106 2474 4135 2522 ,

1106 2542 1436 2627 scientis
1511 2548 1922 2659 canticum
1979 2553 2287 2635 amoris
2322 2612 2343 2634 .
2407 2549 2957 2667 Symmachus
2990 2612 3015 2660 ,
3091 2546 3607 2658 Triumphus
3677 2568 3838 2649 pro
3870 2539 4130 2663 flori-

1113 2681 1270 2765 bus
1295 2685 1682 2803 filiorum
1747 2687 2010 2803 Care,
2068 2694 2643 2809 intelligentiae
2698 2694 3109 2779 canticum
3176 2692 3257 2773 in
3314 2691 3703 2774 dilectum
3742 2746 3763 2764 .
3834 2682 4134 2765 Hiero-

1109 2850 1484 2938 nymus,
1571 2826 1886 2915 Victori
1943 2860 2097 2941 pro
2159 2834 2353 2917 liliis
2381 2834 2771 2953 filiorum
2839 2829 3098 2939 Care,
3177 2826 3655 2915 eruditionis
3718 2822 4133 2910 canticum

1111 2968 1715 3053 amantissimi.
1779 2970 1850 3053 E
1909 2972 2497 3073 recentioribus
2559 2971 2997 3079 Mai-inim,
3057 2968 3496 3081 Praefecto
3560 2994 3811 3075 super
3866 2964 4069 3047 liliis
4107 3024 4135 3072 ,

1079 3100 1468 3217 filiorum
1541 3104 1742 3193 Gore
1799 3113 2251 3198 intellectus
2286 3178 2310 3223 ‚
2367 3114 2781 3198 canticum
2841 3110 3417 3197 dilectionum.
3470 3096 4129 3221 Houbigantim‚

1109 3236 1644 3336 Praecentori
1697 3278 1947 3363 super
2001 3256 2176 3341 lilia
2208 3320 2236 3367 ,
2280 3252 2493 3373 filiis
2546 3252 2751 3339 Gore
2794 3254 3411 3368 intelligentiam
3458 3254 3671 3338 dans
3717 3250 4129 3339 canticum

1116 3392 1422 3475 amoris
1458 3454 1476 3476 .
1537 3392 1957 3482 Calmetus
2019 3404 2405 3511 exponit3
2476 3396 2820 3483 Carmen
2894 3396 3268 3480 erudiens
3304 3458 3329 3503 ,
3403 3397 3884 3505 inscriptum
3950 3424 4139 3478 ma-

1109 3535 1369 3648 gistro
1432 3552 1860 3624 cantorum
1893 3540 2281 3656 filiorum
2354 3538 2555 3627 Core
2589 3607 2614 3654 7
2674 3538 3127 3628 canendum
3190 3538 3303 3623 ad
3360 3535 4013 3646 hexachordon3
4060 3552 4139 3617 et

1123 3672 1260 3757 alii
1319 3677 1654 3759 fortasse
1713 3678 1996 3762 aliter.

1369 3814 1740 3929 Victori,
1803 3818 2174 3905 hebraice
2232 3821 2797 3905 Lamnatzeah
2834 3880 2851 3899 .
2914 3819 3377 3905 Mnatzeah
3441 3821 3959 3933 participium
4016 3834 4139 3904 est

1121 3956 1406 4067 verbi,
1471 3960 1702 4067 cujus
1775 3964 2032 4069 prima
2103 3968 2423 4084 propria
2508 3964 2991 4079 significatio
3066 3983 3187 4049 est
3242 3966 3444 4058 vicit
3514 3970 3710 4073 (1);
3804 3960 3909 4044 et'
3958 3988 4187 4044 eam·

1125 4098 1700 4219 Hieronymus
1759 4134 2136 4220 quoque,
2204 4126 2283 4190 et
2340 4107 2634 4222 Aquila
2697 4102 3265 4219 expresserunt
3298 4148 3335 4218 ,·
3397 4133 3599 4221 quos
3673 4122 3769 4188 ut
3842 4130 4139 4216 seque·-

1125 4272 1459 4354 remur‚
1521 4242 1908 4331 Truncus
1967 4250 2289 4333 effecit.
2355 4250 2434 4332 Is
2496 4254 2724 4333 enim
2777 4256 3193 4363 perspicua
3238 4254 3489 4334 totius
3554 4250 3951 4332 orationis
4004 4272 4138 4327 se·-

1129 4391 1248 4473 rie
1323 4406 1716 4504 textuque
1805 4392 2092 4502 docet,
2166 4393 2595 4476 Psalmum
2679 4398 2828 4477 uni
2892 4398 3377 4505 inscriptum
3463 4420 3638 4476 esse
3703 4386 4062 4471 Messiae
4108 4450 4137 4493 ‚

1135 4530 1362 4635 cujus
1437 4530 1849 4613 character
1915 4528 2273 4618 Victoris
2352 4553 2472 4619 est
2528 4538 2708 4621 sine
2783 4536 3035 4620 dubio
3090 4540 3617 4621 notissimus·
3699 4530 3987 4634 Nam,
4050 4542 4147 4608 ut

1137 4672 1885 4771 cetera„mittamus
1921 4736 1946 4785 ,
2010 4674 2248 4761 illum
2306 4682 2475 4791 ipse
2530 4677 2689 4764 sibi
2746 4678 3089 4795 tribuit,
3152 4710 3413 4797 quum
3472 4679 3851 4767 animum
3918 4666 4159 4781 Apo-

1225 4999 1316 5083 (ι)
1367 4996 1674 5063 Montald.
1721 5018 1863 5086 pag.
1912 5004 2056 5086 783.
