4500 6184
1115 494 1481 583 Cffl‘rxc.
1508 493 1770 593 Sem.
1806 492 1912 583 11.
1948 488 2168 583 mr(
2186 488 2741 587 IVYchm.
3147 500 3329 607 245

411 640 1034 729 antichristiani
1117 644 1390 727 cultus
1468 642 2068 757 propagatrices
2097 702 2128 751 .,
2235 656 2321 725 et
2400 642 2497 725 in
2580 640 3097 729 Christianos
3172 643 3437 735 instar

407 787 938 875 Leaenarum
995 800 1236 897 atque
1293 780 1750 867 Pardorum
1821 776 2415 901 debacchantes
2446 844 2473 897 ‚
2530 810 2682 869 sua
2744 783 3155 873 domicilia
3228 816 3439 875 con-

405 931 852 1019 stituerunt
877 990 899 1013 .
1073 934 1084 945 ‘
1199 914 1208 925 ’
2432 1034 2439 1041 Ι

629 1072 957 1183 Aspice
1006 1096 1072 1157 a·
1119 1068 1430 1158 vertice
1493 1066 1884 1153 Amanae
1928 1096 1952 1151 ε
2001 1068 2454 1183 aspiciendi
2498 1066 3113 1185 ,significatio-ne
3170 1070 3437 1165 inter:-

388 1230 818 1332 pretantur
887 1213 1314 1335 Pagninus
1345 1264 1376 1326 ·,
1458 1242 1914 1329 omnesque
2001 1212 2501 1297 recentiores
2588 1209 2947 1297 verbum
3032 1236 3187 1311 qm
3270 1213 3433 1299 hoc

390 1360 624 1470 1000,
697 1359 924 1475 quod
974 1360 1190 1443 inter
1249 1359 1406 1444 alia
1473 1358 1883 1474 significat
1937 1354 2285 1472 dirigere
2344 1358 2632 1442 oculos
2703 1360 2828 1467 (1)
2880 1386 2905 1442 ε
2974 1388 3133 1443 nec
3188 1359 3435 1446 faci-le

391 1501 744 1585 dixerim
775 1566 804 1613 ‚
875 1530 1022 1587 cur
1081 1498 1612 1617 Septuaginta
1692 1500 2036 1619 ἐκκόψῃ
2081 1564 2111 1614 ,
2171 1503 2724 1630 pertransibis
2758 1564 2787 1617 ‚
2852 1518 2936 1591 et
2994 1502 3435 1619 Hierony-

399 1671 594 1730 mus
649 1648 1170 1733 coronaberis
1230 1647 1748 1759 interpretati
1805 1648 1977 1729 sint
2005 1704 2028 1727 .

409 1796 416 1803 ’
502 1822 568 1913 9
645 1790 1044 1906 Rapuisti
1091 1790 1468 1875 animum
1526 1818 1796 1879 meum
1830 1852 1857 1902 ‚
1913 1784 2172 1876 Soror
2224 1818 2415 1878 mea
2474 1788 2855 1907 Sponsa,
2910 1790 3057 1879 vel
3108 1820 3269 1881 uno
3314 1816 3449 1883 ea>

735 1935 1000 2021 oculis
1059 1934 1274 2045 iuis,
1329 1932 1476 2019 vel
1529 1962 1690 2021 uno
1749 1950 2037 2051 torque
2093 1966 2140 2023 e
2193 1940 2637 2023 monilibus
2700 1937 2929 2023 tuis!

507 2100 519 2109 ‘
619 2072 782 2165 Vel
823 2088 994 2161 una
1051 2078 1367 2162 scilicet
1429 2078 1720 2194 exigua
1764 2080 2036 2195 gentis
2083 2096 2278 2163 tuae
2334 2098 2566 2192 parte
2612 2064 2819 2197 quae
2858 2078 3115 2167 fidem
3154 2107 3439 2169 meam

380 2222 743 2334 suscepit
771 2276 800 2329 ,
857 2246 1070 2335 quae
1128 2220 1422 2337 jugum
1493 2219 2010 2335 evangelicae
2079 2219 2280 2337 legis
2349 2249 2585 2307 meae
2647 2224 2855 2307 collo
2922 2252 3079 2309 suo
3140 2207 3429 2341 impe--¹

378 2366 610 2476 suit3
671 2364 823 2448 hac
881 2364 1052 2474 ipsa
1110 2362 1406 2477 exigua
1445 2363 1567 2443 tui
1629 2374 1855 2474 parte
1887 2424 1912 2471 ,
1959 2390 2196 2476 quae·
2225 2363 2325 2446 in
2382 2358 2541 2449 hoc.
2585 2364 2931 2450 Deserto
2994 2385 3117 2452 est
3151 2428 3172 2451 .
3222 2368 3435 2455 Per·-

381 2507 507 2623 git
568 2506 798 2587 enim
856 2482 1228 2589 Dilectus
1299 2518 1567 2589 totam
1639 2505 1946 2621 alloqui
2009 2502 2489 2592 Hebraeam
2550 2528 2887 2626 gentem
2956 2528 3051 2595 ut
3106 2504 3429 2625 supra3

378 2668 642 2765 quam
703 2643 1090 2730 Sororem
1145 2644 1536 2757 appellat,
1599 2648 1793 2761 quia
1845 2649 2020 2759 ipse
2083 2674 2412 2763 quoque
2472 2678 2577 2733 ex
2635 2654 2926 2737 eadem
2966 2655 3435 2747 secundum

377 2816 730 2873 carnem
789 2803 1034 2871 natus
1093 2802 1214 2870 est
1247 2847 1267 2867 .
2434 2808 2455 2825 ’

631 2924 810 3011 Uno
872 2940 1160 3043 torque
1215 2951 1262 3011 e
1318 2930 1756 3032 monilibus
1813 2932 1982 3017 tuis
2017 2995 2037 3015 .
2085 2929 2218 3019 De
2270 2936 2874 3052 significatione
2932 2930 3235 3027 harum
3272 2973 3435 3034 vo·-

377 3076 582 3151 'cum
613 3128 640 3179 ‚
699 3095 900 3181 quas
963 3068 1534 3188 Hieronymus
1595 3073 1678 3157 in
1737 3102 1898 3160 uno
1959 3079 2182 3163 crine
2241 3082 2435 3166 colli
2491 3084 2674 3196 tui,
2734 3082 3273 3202 Septuaginta
3345 3096 3436 3181 ’n

374 3214 536 3333 μιςῖ
586 3214 916 3332 ’troipas-n
957 3222 1088 3305 τῶν
1119 3220 1508 3331 τραχήλων
1561 3258 1693 3309 σου
1740 3284 1763 3331 ,
1849 3224 1948 3323 in·
1991 3250 2152 3306 uno
2213 3239 2504 3341 torque
2558 3229 2968 3319 collorum
3025 3246 3434 3349 tuorum,

377 3373 464 3443 ct
523 3358 674 3441 alii
730 3355 963 3441 aliter
1018 3360 1620 3443 transtulerunt
1650 3427 1675 3474 ,
1735 3367 1922 3449 vide
1979 3366 2519 3455 Montaldum
2584 3379 2702 3485 (2)
2756 3438 2777 3461 .

374 3530 382 3542 ·
507 3526 621 3585 ιο
711 3496 974 3607 Quam
1009 3500 1347 3611 pulchri
1385 3520 1585 3585 sunt
1624 3530 1947 3589 amores
1993 3509 2172 3622 tui,
2217 3508 2472 3597 Soror
2510 3544 2695 3601 mea
2735 3516 3068 3631 Sponsa
3097 3586 3125 3638 ,
3169 3552 3427 3641 quam

733 3664 1045 3725 suaves
1101 3658 1302 3727 sunt
1357 3672 1680 3730 amores
1740 3652 1866 3731 tui
1909 3664 2112 3759 post
2180 3649 2545 3743 Vinum!

625 3778 818 3866 Jam
887 3786 1130 3868 tertio
1200 3816 1474 3873 sacrae
1548 3795 1767 3905 ipsae
1826 3796 2028 3883 Vini
2103 3824 2867 3895 commemorantur
2933 3812 3241 3925 species
3298 3810 3433 3895 his

375 3923 657 4017 verbis
688 3987 715 4036 ‚
775 3954 982 4041 quae
1041 3928 1144 4010 ad
1199 3958 1538 4016 scenam
1577 3938 1934 4047 primam
1997 3942 2393 4053 explicata
2436 3967 2683 4033 sunt.
2733 3951 3227 4042 Sermonem
3270 3954 3426 4041 au·

377 4074 566 4151 terh
609 4067 979 4153 Dilectus
1039 4099 1086 4154 a
1137 4088 1312 4159 tota
1355 4075 1731 4166 Hebraea
1789 4101 2034 4200 gente
2079 4087 2182 4169 ad
2241 4092 2629 4207 exiguam
2674 4095 3047 4203 ejusdem
3108 4114 3429 4209 partem

382 4229 606 4323 quae
661 4210 754 4292 in
811 4210 1155 4317 Deserto
1215 4232 1392 4329 est,
1460 4218 2158 4337 Sulammitham‚
2225 4238 2685 4319 convertit.

503 4352 648 4438 Ac
703 4349 908 4438 odor
963 4282 1556 4473 unguentorum
1610 4380 1940 4451 tuorum
1999 4394 2117 4456 ex
2170 4372 2551 4459 omnibus
2614 4392 2735 4461 est
2792 4386 3267 4470 aromatis..

633 4493 866 4581 Haec
921 4524 1244 4613 quoque
1297 4530 1543 4615 supra
1599 4510 1993 4618 explicata
2049 4527 2305 4625 sunt3
2382 4530 2465 4601 et
2520 4519 2617 4604 in
2674 4498 3028 4609 eandem
3086 4542 3427 4618 senten·-

381 4638 602 4725 tiam
641 4638 886 4725 venit
941 4645 1082 4756 qui
1136 4647 1508 4761 sequitur
1561 4676 1616 4733 v
1641 4674 1864 4736 ersus
1921 4654 2476 4743 undecimus.

2205 4801 2497 4887 hh2

389 5236 396 5243 .
483 5126 580 5217 (1)
627 5128 934 5201 Μοηειῐά.
983 5098 1152 5227 pag}
1181 5146 1365 5221 1585·-
2049 5148 2146 5237 (²³
2193 5144 2343 5242 Pag.
2399 5158 2583 5228 1168.
