4500 6184
1367 457 1723 548 Isnn
1799 455 2154 544 cnm·
2213 452 2491 544 LIII.
3206 461 3319 572 75

410 605 652 696 illum
707 629 970 722 quum
1026 601 1466 689 nobiscum
1523 603 1902 718 loquetur
1931 668 1956 715 ‚
2032 632 2351 717 nosque
2414 597 2739 686 docebit
2767 663 2791 712 ‚
2854 629 2949 686 ac
3008 603 3221 694 dicct
3250 669 3277 713 ,
3348 635 3435 690 se

379 781 566 842 ‚esse
627 747 1028 834 Messiam
1058 811 1084 857 ,
1145 776 1233 830 se
1307 775 1480 831 esse
1555 745 1995 832 Brachium
2067 747 2467 854 Domini,
2552 747 2947 858 factisque
3024 749 3431 835 ineluctaa-

397 887 704 974 bilibus
778 885 1336 1000 comprobabit
1364 951 1388 998 ‚
1449 893 1787 974 cuinam
1845 906 2226 974 nostrum
2260 953 2285 1000 ‚
2346 893 2691 1004 inquam
2724 951 2747 998 ‚
2823 885 3318 970 revelabitur
3388 916 3440 970 a

379 1029 647 1139 ,De0‚
710 1029 952 1112 illum
1007 1033 1280 1142 ipsum
1321 1034 1598 1116 virum
1654 1055 1828 1117 csse
1869 1031 2327 1142 Messiam,
2390 1057 2563 1118 esse
2623 1031 3069 1114 Brachium
3134 1030 3439 1114 Domi—-

415 1166 578 1253 ni?
636 1168 860 1254 Beati
933 1173 1072 1284 qui
1129 1172 1518 1256 credent*
1585 1171 1873 1270 beatus
1933 1175 2069 1258 ille
2143 1177 2283 1258 cui
2342 1201 2517 1260 non
2573 1203 2815 1284 caro,
2825 1189 2987 1256 et
3042 1173 3437 1286 sanguis,
3552 1207 3567 1222 ‘

419 1316 562 1398 sed
617 1315 984 1400 caelestis
1043 1312 1284 1398 Pater
1341 1317 1426 1396 id
1483 1315 2015 1400 revelaverit!

647 1457 830 1566 Quo
902 1456 1090 1538 loco
1155 1472 1252 1540 ut
1321 1455 1634 1538 facilius
1713 1458 1965 1565 haec,
2025 1474 2108 1540 et
2165 1486 2259 1540 ea
2322 1487 2529 1571 quae
2582 1472 3049 1573 sequuntur
3124 1453 3449 1536 intelli·-

416 1609 715 1715 gantur
744 1662 769 1708 ‚
832 1597 1192 1712 legentes
1235 1612 1608 1706 reputare
1665 1625 1948 1680 secum
1995 1598 2148 1706 ipsi
2203 1593 2509 1682 debent
2552 1601 2753 1712 quid
2810 1602 3075 1682 facere
3122 1593 3453 1682 debuis-

411 1757 653 1850 sent,
713 1741 1170 1854 facturique
1227 1741 1573 1830 fuissent
1616 1737 2030 1850 Hebraei,
2094 1743 2164 1822 si
2211 1743 2791 1824 credidissent,
2845 1739 2958 1824 Ut
3022 1739 3304 1844 enim,
3372 1752 3457 1818 et

417 1878 522 1962 ab
579 1881 912 2002 Angelis
943 1950 970 1996 ‚
1033 1903 1114 1970 et
1179 1915 1228 1968 a
1287 1881 1753 1968 Pastoribus
1784 1947 1808 1992 ‚
1891 1901 1972 1966 et
2045 1913 2092 1964 a
2150 1879 2427 1997 Magis
2491 1881 3163 1998 Hierosolymam
3214 1907 3451 1962 nnn-
3534 1905 3543 1914 ·

421 2026 726 2110 clatum
801 2043 974 2136 est,
1055 2041 1355 2112 natum
1423 2046 1596 2108 esse
1655 2023 1971 2139 Regem
2034 2021 2538 2106 Judaeorum
2570 2089 2594 2134 ⁷
2674 2021 3077 2106 Messium
3108 2083 3133 2132 ‚
3212 2051 3463 2138 quem

423 2159 896 2252 Sacerdotes
956 2184 1037 2251 et
1107 2163 1436 2250 Scribae
1520 2167 2009 2274 jamdudum
2069 2197 2116 2250 a
2173 2165 2600 2278 Prophetis
2658 2184 2961 2248 norant
3022 2165 3464 2252 Bethlehe-

417 2304 540 2382 mi
598 2307 1000 2391 oriturum
1029 2368 1054 2417 ,
1116 2325 1358 2422 atque
1401 2304 1506 2390 ab
1551 2312 2003 2393 eorundem
2047 2339 2309 2421 paene
2352 2307 3103 2394 innumerabilibus
3166 2337 3465 2392 oracu-

428 2442 530 2525 lis
615 2461 696 2528 et
767 2452 968 2533 scire
1041 2452 1253 2561 ipsi,
1341 2467 1422 2536 et
1496 2453 1892 2564 populum
1966 2455 2332 2538 docuisse
2396 2449 2883 2538 debuissent
2913 2515 2938 2560 ,
3018 2477 3215 2534 eum
3288 2447 3463 2530 fore

428 2581 763 2699 Deum3
823 2618 1109 2695 nonne
1164 2606 1334 2674 tota
1387 2595 1668 2674 statim
1722 2589 1768 2674 J
1776 2592 2032 2676 udaea
2087 2593 2283 2676 illuc
2340 2595 2773 2680 adoratum
2830 2593 3243 2678 confluere
3278 2653 3301 2699 ‚
3362 2619 3460 2674 ac

424 2729 862 2814 convolare
922 2727 1328 2816 debuisset
1354 2727 1398 2814 ἲ
1455 2729 1772 2816 Nonne
1823 2761 1912 2818 se
1971 2763 2279 2850 suaque
2339 2739 2625 2842 omnia
2680 2736 3089 2847 praesenti
3162 2733 3461 2814 offerre

435 2864 612 2952 Deo
641 2933 670 2983 ,
731 2873 1008 2988 illique
1065 2878 1590 2960 continenter
1647 2879 2016 2964 assistere
2047 2941 2072 2988 ‚
2131 2895 2379 2992 atque
2441 2881 2672 2966 omni
2744 2905 2893 2990 ope
2950 2903 3238 2960 curare
3306 2901 3465 2954 ne·-

440 3012 635 3122 quid
693 3015 868 3126 illi,
926 3021 1236 3132 nequid
1291 3017 1764 3130 parentibus
1830 3022 2140 3104 deesset
2199 3050 2492 3106 eorum
2550 3051 2757 3137 quae
2818 3020 3111 3104 alendo
3147 3079 3170 3124 ,
3248 3039 3459 3126 quae

431 3149 832 3267 fovendo,
897 3187 1102 3272 quae
1159 3161 1530 3244 ornando
1591 3161 2279 3274 custodiendoque
2350 3165 2665 3274 corpori
2740 3157 3083 3248 essent?
3142 3157 3462 3244 Nonne

440 3297 723 3378 statim
791 3328 892 3382 ac
959 3301 1384 3412 licuisset,
1447 3303 1684 3386 illum
1725 3306 1817 3386 in
1856 3303 2311 3415 Templum
2358 3305 2704 3414 ducere,
2751 3300 2866 3387 ibi
2906 3328 3111 3388 eum
3170 3295 3475 3386 habere

437 3431 618 3546 plus
678 3465 932 3552 quam
990 3449 1213 3561 regio
1271 3475 1498 3533 mere
1532 3511 1559 3558 ‚
1615 3446 2082 3559 deprecari,
2145 3476 2473 3561 rogare,
2532 3445 2993 3557 percontari
3032 3441 3475 3547 caelestia,

441 3582 900 3690 perquirere
953 3587 1236 3671 salutis
1293 3591 1466 3670 vias
1500 3651 1523 3697 ‚
1583 3592 2058 3675 animorum
2117 3617 2714 3702 corporumque
2770 3583 3135 3672 subsidia
3165 3643 3191 3690 ,
3255 3579 3473 3664 sola·-

443 3711 554 3798 fia
585 3782 610 3826 ‚
697 3727 1198 3812 medicinam
1263 3743 1590 3839 petere3
1681 3745 1944 3816 cetera
2003 3732 2357 3843 denique
2416 3733 2701 3815 omnia
2758 3732 3021 3816 facere
3076 3753 3286 3840 quae
3360 3717 3466 3806 ab

449 3853 929 3953 hominibus
987 3901 1178 3987 erga
1235 3871 1516 3956 Deum
1572 3874 1942 3972 facienda
1973 3941 1998 3986 ,
2057 3879 2234 3988 quis
2308 3892 2430 3958 est
2482 3876 2627 3989 qui
2698 3888 2837 3958 aut
2892 3899 3065 3955 non
3122 3869 3481 3972 sentiat,

451 4017 597 4082 aut
645 4011 1028 4098 nesciat?
1082 4014 1315 4100 Haec
1375 4041 1575 4132 ergo·
1624 4017 1914 4102 ,Iudaei
1971 4019 2407 4127 fecissent,
2468 4021 2541 4105 si
2606 4015 3199 4100 credidissent:
3268 4041 3477 4125 quae

451 4139 522 4243 Si
575 4143 1009 4265 fecissent,
1071 4154 1426 4244 Messias
1481 4159 1696 4268 apud
1757 4185 1891 4242 eos
1946 4158 2407 4267 crevisset,
2462 4174 2716 4269 atque
2761 4159 3046 4240 fuisset
3092 4185 3189 4238 eo
3249 4155 3479 4244 locor

391 4323 402 4336 ·
457 4313 708 4404 eaque
771 4297 1170 4411 dignitate
1203 4366 1230 4411 ‚
1287 4330 1540 4416 quam
1595 4304 1850 4413 ipsius
1909 4300 2323 4397 Divinitas
2380 4295 2843 4409 postulabat
2876 4356 2893 4377 .
2964 4294 3123 4377 Sed
3184 4293 3486 4390 horum

455 4428 666 4514 nihil
725 4434 830 4520 ab
890 4441 1292 4540 Hebraeis
1361 4447 1674 4530 factum
1719 4461 1900 4530 est.
1969 4440 2527 4554 Quamobrem
2566 4436 2611 4524 ’.Ρ
2670 4442 2859 4554 quia
2910 4439 3046 4521 -his
3104 4463 3313 4552 quae
3384 4435 3485 4518 de

461 4586 655 4668 nato
699 4573 1013 4666 Messia
1053 4581 1620 4692 ‚narrabantur
1650 4649 1674 4695 ‚
1738 4597 2196 4666 monstrata
2253 4585 2647 4667 divinitus
2694 4611 2859 4697 quo
2902 4584 3075 4692 ipso
3120 4596 3485 4690 ternpore

461 4715 739 4827 venit,
800 4751 977 4834 uon
1037 4733 1602 4816 crediderunt
1665 4725 1948 4838 Itaque
2008 4751 2371 4811 crescere
2415 4723 2767 4810 Messias
2824 4724 3041 4832 apud
3098 4721 3277 4802 illos
3340 4719 3485 4800 dc·-

461 4843 645 4938 buit
703 4888 864 4974 quo
917 4873 1166 4956 modo
1220 4874 1502 4954 statim
1560 4866 1964 4978 Propheta
2027 4863 2459 4948 describit
3046 4887 3057 4898 ·

576 5023 636 5076 2
719 5001 949 5124 Ergo
1009 5013 1390 5100 ascendet
1451 5013 1668 5102 sicut
1724 5009 2180 5124 virgultum
2237 5033 2514 5096 coram
2518 4958 2779 5118 filo,
2838 5019 2915 5090 ct
2970 5004 3187 5088 sicut
3232 4998 3487 5084 radix

469 5127 571 5220 (lc
625 5147 869 5236 arida
923 5167 1235 5244 terra..
1965 5180 1972 5188 '
2077 5177 2086 5188 '
2270 5225 2279 5232 -
2618 5245 2629 5256 ,
2696 5147 2795 5232 τῙῑ·
