4500 6184
1619 516 2087 731 DE
2352 384 3575 729 CRUCE

1299 860 3881 1029 ἵῖΑλΊΫΙΕΙΙΒῘΙ[]ὒ1’νῙ

2059 1153 2704 1243 ΡεΑιΜσε
2820 1154 3125 1243 XLV.

1639 1383 1772 1489 In
1853 1416 2064 1519 quo
2143 1383 2435 1492 Crux
2514 1407 2669 1490 ter
2747 1382 3273 1491 nominata
3341 1409 3551 1491 est.

2286 1684 2888 1731 w

1947 1888 3323 2027 ARGUMENTUMs

1083 2264 1120 2321 1
1211 2110 1408 2374 Q
1435 2228 1603 2314 uod
1647 2223 1994 2309 Cantico
2039 2221 2577 2309 Canticorum
2636 2227 2928 2309 accidit
2959 2290 2985 2337 ‚
3030 2242 3123 2311 ut
3164 2244 3681 2313 sacrosancta
3724 2228 3885 2317 Dei
3928 2236 4109 2322 Do-
4155 2224 4161 2230 ’

1421 2372 1794 2485 minique
1830 2370 2118 2451 ‘nostri
2175 2367 2378 2451 Jesu
2424 2366 2729 2451 Christi
2790 2394 2991 2451 crux
3050 2396 3343 2455 verum
3378 2434 3401 2479 ‚
3466 2388 3561 2454 ut
3614 2368 3855 2457 nobis
3914 2379 4099 2489 qui-

943 2588 956 2597 .
1077 2519 1266 2601 dem
1323 2519 1701 2623 videtur,
1757 2512 2003 2601 'illius
2065 2526 2655 2630 argumentum
2730 2516 3237 2622 aperuerit„
3277 2513 3839 2625 expuleritque
3908 2544 4105 2597 sen-
4188 2538 4200 2551 ·

1076 2658 1372 2742 tentias
1417 2681 1625 2773 quae
1667 2654 1768 2741 ab
1817 2685 1924 2741 ee.
1953 2684 2479 2769 summopere
2524 2652 3132 2764 abhorrebant3
3194 2656 3278 2739 id
3338 2656 3531 2741 huic
3574 2657 3825 2737 etiam
3868 2684 4105 2767 prae·-

1073 2805 1580 2889 stantissimo
1624 2798 1954 2885 Psalmo
2013 2798 2327 2887 accidat
2366 2811 2687 2905 oportet
2716 2859 2740 2903 ,
2790 2798 2877 2877 in
2924 2826 3086 2911 quo
3144 2797 3285 2880 illa
3342 2798 3510 2909 ipsa
3556 2798 3835 2881 divina
3880 2796 4108 2886 Crux

1054 2946 1395 3056 ‘proprio
1443 2970 1597 3025 suo
1629 2938 1964 3027 Trunci
2007 2940 2347 3029 nomine
2376 3000 2383 3011 .
2412 2954 2539 3021 ter
2596 2940 3050 3052 appellatur
3081 3002 3100 3023 .
3150 2938 3453 3023 Psalmi
3517 2954 4109 3053 argumentum

1077 3087 1278 3197 quin
1364 3087 1574 3166 circa
1630 3082 2034 3169 Messiam
2109 3098 2536 3189 versetur,
2618 3084 2755 3165 vix
2834 3099 2957 3164 est
3032 3084 3171 3193 qui
3238 3078 3781 3185 dubitaverit3
3855 3064 3939 3159 et
4010 3082 4101 3163 in

1073 3252 1263 3308 eam
1325 3252 1500 3305 rem
1559 3222 2096 3305 consentiunt
2153 3222 2521 3335 plerique
2582 3210 2869 3304 omnes
2932 3224 3419 3331 interpretes
3483 3237 3656 3303 tam
3702 3220 4099 3303 Christia-

1075 3368 1222 3471 ni,
1289 3392 1537 3477 quam
1601 3358 2030 3471 Hebraei,
2117 3378 2322 3444 teste
2384 3362 2597 3474 apud
2662 3358 2959 3441 Polum
3037 3363 3129 3443 in
3192 3360 3548 3477 Synopsi
3610 3362 4109 3445 Criticorum

1073 3502 1444 3589 MuisiO.
1531 3503 1948 3619 Magnum
2021 3521 2309 3591 tamen
2378 3520 2552 3587 tam
2636 3505 2853 3585 inter
2910 3495 3469 3613 Christianos,
3557 3533 3808 3616 quam
3894 3509 4109 3591 inter

1081 3644 1504 3751 Hebraeos
1579 3648 2006 3730 dissidium
2091 3665 2212 3731 est
2284 3650 2379 3729 de
2452 3650 2773 3731 ratione
2842 3673 3003 3756 qua
3073 3643 3444 3763 Psalmus
3520 3647 3622 3728 ad
3698 3642 4099 3729 Messiam

1045 3790 1476 3896 pertineat
1509 3850 1528 3873 .
1577 3788 1860 3902 Nam,
1909 3788 2399 3907 quibusdam
2446 3786 2849 3875 Rahhinis
2915 3786 3265 3898 exceptis
3298 3777 3525 3899 ‘quos
3588 3788 3757 3869 fere
3822 3783 4097 3870 Gene-

1049 3910 1412 4013 'brardus
1472 3937 1902 4049 sequitur,
1985 3938 2124 4048 qui
2201 3934 2641 4019 voluerunt
2700 3928 3121 4028 Psalmum
3184 3926 3410 4010 Mosi
3486 3927 3979 4039 delectisque
4050 3952 4100 4007 a

1079 4068 1324 4156 Mose
1403 4071 1872 4161 Senioribus
1962 4062 2387 4170 cantatum
2470 4076 2717 4162 fuisse
2792 4105 2838 4157 a
2922 4074 3113 4155 filiis
3188 4073 3445 4154 Corae
3529 4084 3710 4182 post
3780 4066 4101 4183 -grande

975 4264 982 4273 -
1071 4215 1280 4299 illud
1363 4216 1858 4301 miraculum
1945 4245 2158 4329 quo,
2238 4218 2449 4301 Cora
2519 4231 2971 4326 pereunte,
3055 4212 3201 4293 filii
3276 4210 3491 4294 illius
3570 4237 3748 4291 non
3834 4207 4098 4317 perie-

1076 4371 1270 4437 runt
1323 4360 1499 4466 (1);
1566 4386 1658 4440 ea
1717 4361 1999 4441 ceteris
2063 4356 2452 4442 omnihus
2512 4356 2818 4437 insedit
2876 4354 3209 4465 opiniO,
3276 4349 3701 4435 Psalmum
3758 4346 4103 4459 Epitha-

1066 4490 1482 4604 lamium,
1541 4498 1695 4579 hoc
1756 4514 1877 4581 est
1931 4499 2297 4612 nuptiale
2356 4527 2685 4583 carmen
2748 4527 2917 4581 esse
2964 4558 2984 4579 .
3053 4495 3272 4577 Hinc
3332 4510 3609 4577 ortum
3670 4490 4108 4575 dissidium

1079 4650 1200 4722 est
1234 4696 1252 4718 .
1317 4632 1547 4721 Nam
1611 4636 1747 4719 alii
1809 4646 2028 4757 (qua
2085 4646 2495 4729 sententia
2550 4659 2947 4755 praeeunt
3007 4638 3345 4747 Patres)
3421 4634 3851 4722 Psalmum
3914 4654 4091 4711 esse

1155 4951 1250 5036 (ι)
1299 4950 1496 5017 Num.
1541 4954 1658 5020 XX
1679 4952 1788 5019 vl.
1831 4974 1892 5033 9.
1937 4972 2120 5041 seqq.
