4500 6184
1051 400 1416 487 CArz'rm.
1454 398 1706 487 ScEN.
1739 399 1886 489 VI.
1920 398 2121 483 CAP.
2151 398 2387 487 VIII.
2434 398 2805 485 Danum.
3168 394 3339 486 285

423 548 514 629 in
582 546 972 661 fugientis
1041 573 1364 627 morem
1435 554 1874 653 accurrat,
1961 555 2040 627 et
2111 543 2339 653 quasi
2410 528 2721 625 insiliat
2797 534 3055 661 super
3132 557 3477 627 montes·

413 698 940 796 aromatum,
1015 686 1192 769 illos
1262 689 1476 797 ipsos
1551 690 1814 769 invios
1879 704 1960 769 et
2018 690 2466 771 inaccessos
2544 704 2868 769 montes
2906 752 2930 798 ‚
2996 713 3445 799 eorumque

413 844 662 911 tetras
719 856 1106 913 cavernas
1139 891 1162 937 ‚
1227 843 1308 911 et
1363 828 1727 911 horridas
1783 827 2208 938 speluncas
2243 895 2267 940 ‚
2311 830 2407 911 in
2464 825 2763 940 quihus
2814 824 3120 912 Christi
3178 828 3443 909 bonus

413 970 621 1055 odor
653 1036 677 1081 ‚
743 1000 942 1085 grex
993 968 1506 1053 Christianus
1578 996 1751 1050 sese
1825 972 2040 1053 tueri
2111 969 2212 1053 ab
2273 972 2641 1055 hostium
2715 968 3188 1053 crudelitate
3250 982 3436 1051 stu-

415 1108 712 1195 debat.
751 1110 1040 1223 'Atque
1104 1112 1236 1194 hic
1300 1108 1562 1194 Scena
1619 1108 2021 1195 clauditur
2051 1170 2074 1191 .

659 1250 822 1335 Hic
867 1281 1188 1365 quoque
1234 1252 1490 1345 finem
1535 1250 2218 1337 declarationibus
2254 1255 2552 1339 nostris
2613 1254 3117 1365 imponimus
3160 1280 3180 1332 ε
3233 1276 3443 1363 quae

415 1399 623 1481 sicui
710 1391 1216 1479 videbuntur
1297 1394 1548 1477 fuisse
1629 1394 2106 1510 longiores:
2173 1400 2240 1481 is
2320 1426 2619 1511 quaeso
2658 1462 2671 1469 -
2706 1395 3363 1477 animandvertat
3411 1456 3439 1501 ‚

415 1567 614 1621 cum
673 1537 832 1621 alia
890 1535 1498 1649 quamplurima
1556 1534 1973 1621 brevitatis
2032 1538 2301 1619 studio
2333 1601 2359 1648 ‚
2432 1554 2617 1621 tum
2686 1552 2949 1619 totam
3010 1564 3193 1619 eam
3248 1561 3439 1645 par-

415 1696 592 1765 tem
648 1678 1307 1789 praetermissam
1363 1706 1533 1763 esse
1564 1742 1590 1793 ,
1651 1706 1857 1793 quae
1914 1680 2008 1759 in
2069 1678 2529 1763 refellendis
2591 1680 2942 1762 aliorum
3000 1682 3450 1766 sententiis

413 1823 718 1908 versari
779 1824 1172 1932 potuisset
1203 1882 1224 1902 .
1274 1822 1498 1931 Quae
1559 1822 1894 1936 quidem
1953 1822 2369 1931 provincia
2428 1820 2576 1903 etsi
2634 1820 3036 1930 perfacilis
3098 1820 3385 1905 fuisset
3414 1885 3441 1933 ,

409 1980 700 2049 tamen
761 1964 1048 2075 plura,
1113 1990 1374 2075 eaque
1430 1964 1796 2077 ingentia
1867 1964 2293 2050 volumina
2367 1963 2904 2072 postulasset3
2986 1990 3145 2046 nec
3200 1941 3473 2051 nobis.

411 2108 867 2191 necessaria
940 2108 1118 2189 visa
1176 2121 1324 2196 ,est
1353 2164 1374 2187 .
1453 2104 1767 2189 Totam
1841 2106 2066 2189 enim
2132 2102 2464 2190 Trunco
2500 2168 2523 2213 ‚
2600 2106 2809 2187 idest
2880 2119 3443 2189 sacrosanctae

413 2246 662 2331 Cruci
723 2245 1200 2357 reliquimus
1232 2308 1257 2355 ‚
1331 2248 1560 2355 cujus
1637 2261 1958 2329 tantam
2013 2246 2189 2331 vim
2262 2263 2741 2359 tantamque
2799 2246 3194 2329 virtutem
3268 2246 3443 2332 fore

411 2416 834 2500 speramus
867 2452 890 2497 ‚
953 2403 1048 2470 ut
1107 2390 1248 2500 qui
1306 2384 1622 2469 liberali
1677 2404 2092 2499 praestant
2147 2390 2485 2503 ingenio
2514 2452 2539 2499 7
2615 2368 3067 2501 eodemque
3126 2387 3227 2467 ad
3286 2415 3435 2469 ve·-

410 2532 744 2613 ritatem
804 2527 1202 2638 expolito,
1262 2559 1356 2613 ac
1401 2532 1500 2611 de
1559 2530 1862 2615 divinis
1907 2526 2183 2611 Libris
2243 2529 2361 2613 ita
2404 2546 2499 2612 ut
2555 2558 2701 2639 par
2760 2543 2881 2613 est
2936 2530 3433 2612 existiman-

408 2688 494 2757 te
527 2737 552 2785 ,
629 2674 692 2754 ii
749 2672 1065 2779 rejectis
1123 2676 1608 2757 commentis
1687 2669 1982 2785 quibus
2041 2673 2655 2755 sanctissimum
2730 2666 2889 2752 hoc
2962 2667 3435 2770 Salomonis

413 2842 621 2925 opus
697 2814 1170 2924 turpissime
1253 2818 1882 2903 dehonestatum
1970 2831 2089 2897 est
2119 2878 2144 2925 ‚
2219 2810 2663 2897 nobiscum·
2741 2838 3073 2894 crucem
3144 2805 3443 2890 tollere

413 2944 780 3059 debeanf
798 3019 822 3066 ‚
871 2970 952 3039 et
1005 2985 1176 3045 una
1231 2960 1482 3073 ipsius
1523 2962 2162 3075 protagonistam
2205 2955 2486 3043 Deum
2528 2970 2908 3041 nostrum
2952 2950 3173 3037 eruci
3230 2975 3445 3055 con-7

414 3100 679 3186 fixum
735 3100 1021 3213 sequi,
1127 3167 1134 3175 .
