4500 6184
1232 630 1323 751 Ρ
1458 630 1529 741 s
1666 630 1763 739 A
1888 623 1977 735 1,
2106 619 2228 730 M
2329 616 2431 733 U
2565 614 2639 725 s

850 802 1377 1011 finani-s
1458 902 1935 999 XLVIII.
2020 900 2492 991 Lim-nm
2583 887 3014 989 XLVII.

1484 1190 1585 1279 'P
1627 1188 1686 1279 Ι
1739 1184 1834 1277 Τ
1884 1184 1971 1275 U
2012 1186 2093 1277 Ι.
2156 1182 2241 1273 U
2285 1180 2436 1333 S.—

540 1518 584 1581 ι
678 1483 1129 1576 Canticum
1170 1490 1309 1569 est
1364 1473 1747 1565 Psalmus
1816 1468 2217 1559 Filiorum
2287 1465 2545 1557 Corae
2572 1526 2598 1553 .

1908 1755 1989 1843 1.

536 2076 597 2136 2
675 2046 1045 2165 Magnus
1098 2054 1227 2131 est
1288 2040 1763 2148 Dominus,
1816 2032 1922 2121 'et
1984 2010 2221 2121 valde
2277 2030 2656 2119 laudatus
2717 2032 2818 2117 in
2873 2026 3224 2117 Civitate
3269 2026 3462 2121 Dei

412 2191 742 2301 nostri,
802 2186 1099 2273 Monte
1160 2182 1459 2271 Sancto
1520 2181 1747 2291 ejus!
1816 2184 1879 2271 Ξ
1939 2176 2298 2265 Pulchra
2357 2180 2580 2297 regio
2639 2178 3038 2295 gaudium
3091 2188 3222 2259 est
3261 2176 3462 2259 uni-

410 2358 705 2418 versae
781 2326 1101 2415 terrae!
1196 2322 1459 2411 Mons
1530 2320 1735 2409 Sion
1758 2386 1787 2433 ‚
1848 2320 2103 2407 latera
2156 2318 2862 2432 septemtrionalia
2889 2380 2916 2428 ,
2987 2314 3204 2403 Urbs
3277 2344 3464 2404 ma·-

414 2474 574 2589 gni
644 2470 893 2587 Regis
972 2466 1225 2555 sunt!
1316 2468 1379 2569 4
1460 2464 1691 2551 Deus
1772 2465 1869 2547 in
1918 2460 2266 2577 ‘palatiis
2339 2461 2512 2573 ejus
2595 2459 3066 2577 agnoscitur
3139 2454 3464 2570 Propu-

422 2630 731 2731 gnator
756 2672 781 2697 .

1872 2741 1917 2827 1
1947 2740 2029 2827 1,

552 3028 611 3123 5
691 3031 926 3119 Nam
982 3025 1223 3115 ecce!
1292 3024 1561 3143 Reges
1618 3034 2177 3113 convenerant
2202 3086 2231 3136 ‚
2263 3048 2465 3109 ,una
2523 3021 3097 3111 evanuerunt!
3164 3023 3227 3115 6
3297 3022 3466 3139 Ipsi

418 3176 822 3265 viderunt
861 3174 1305 3257 Truncum
1340 3168 1359 3252 !
1428 3169 1711 3253 mirati
1764 3180 1965 3251 sunt
1995 3228 2020 3275 ‚
2065 3166 2399 3250 attoniti
2439 3166 2780 3251 fuerunt
2811 3230 2838 3279 ‚
2895 3166 3470 3280 trepidarunt!

426 3342 488 3429 7
576 3314 939 3397 Tremor
992 3340 1127 3397 eos
1168 3312 1611 3422 occupavit
1666 3309 1785 3395 ibi
1814 3374 1843 3425 ‚
1914 3308 2143 3396 dolor
2198 3325 2296 3393 ut
2347 3310 2938 3421 parturientis!
3033 3312 3086 3400 8
3164 3311 3470 3399 Orien-

422 3456 582 3544 tali
623 3470 875 3541 vento
916 3452 1325 3537 confracta
1368 3470 1491 3537 est
1532 3480 2077 3570 unaquaeque
2120 3457 2464 3539 navium
2489 3452 2832 3541 Tharsis
2869 3452 2890 3539 !
2941 3480 2998 3567 9
3045 3453 3470 3565 Quemath·

424 3601 786 3686 modum
840 3596 1411 3683 audiveramus
1476 3594 1989 3703 (dixerunt)
2054 3596 2498 3682 Truncum
2554 3598 2910 3681 vidimus
2968 3597 3064 3681 in
3119 3594 3474 3680 Civitate

428 3738 792 3841 Domini
848 3739 1360 3821 exercituum
1388 3799 1415 3844 ,
1460 3738 1557 3819 in
1612 3736 1963 3823 Civitate
2006 3736 2166 3823 Dei
2228 3739 2546 3826 nostri!
2619 3738 2846 3825 Deus
2903 3766 3094 3823 eam
3155 3739 3248 3822 in
3287 3767 3478 3851 per-

432 3894 791 3993 petuum
848 3880 1274 3962 constituit
1294 3938 1329 3987 ,
1387 3880 1479 3960 in
1536 3896 2025 3994 perpetuum
2076 3882 2566 3969 constituit!
2664 3912 2696 3967 1
2719 3914 2770 3969 o
2855 3880 3252 3967 Excidere
3323 3907 3471 3963 co-

396 4020 625 4103 -nati
678 4046 965 4103 sumus
994 4082 1019 4128 ‚
1087 4017 1319 4128 Dee,
1381 4022 2027 4107 misericordiam
2080 4039 2322 4107 tuam
2375 4024 2472 4106 in
2524 4022 2798 4107 medio
2840 4024 3200 4136 Templo
3255 4014 3468 4108 tuo!

448 4188 489 4247 1
518 4186 553 4245 1
640 4158 853 4245 Vere
913 4188 1223 4244 nomen
1278 4177 1521 4245 tuum
1565 4161 1791 4245 Deus
1846 4175 1975 4246 est
2002 4226 2028 4273 ‚
2090 4161 2486 4249 Truncus
2540 4165 2720 4249 laus
2775 4180 2920 4251 tua
2975 4179 3106 4249 est
3163 4169 3480 4253 circum

438 4302 655 4387 fines
712 4316 973 4389 terrae
1002 4362 1029 4415 ,
1084 4300 1132 4385 J
1140 4303 1415 4387 ustitia
1472 4302 1715 4415 plena
1772 4318 1897 4388 est
1951 4305 2287 4393 dextera
2347 4303 2546 4393 tua!

1869 4581 2079 4671 111.

578 4886 683 4948 12
762 4859 1157 4949 Laetetur
1222 4888 1464 4949 mons
1526 4860 1783 4975 Sion,
1858 4856 2274 4951 exsultent
2351 4860 2568 4955 filiae
2623 4858 2673 4952 J
2681 4865 2884 4952 udae
2951 4874 3280 4981 propter
3337 4856 3476 4975 iu·-

448 5002 663 5090 dicia
742 5004 955 5097 tua!
1058 5008 1165 5098 13
1250 5008 1771 5097 Circumdate
1828 5006 2175 5097 Sionem
2206 5075 2234 5125 ‚
2325 5026 2410 5097 et
2487 5006 3107 5099 circumambite
3177 5006 3410 5133 illam
3448 5038 3480 5097 s

2042 5172 2258 5272 YY,
