4500 6184
1196 473 1312 576 ἦε
1947 459 3215 550 ,Pnozneomn-Nx.

1083 617 1196 704 lia·
1225 679 1252 728 ‚
1312 629 1396 698 et
1449 609 1834 725 pleraque
1887 610 2059 715 suis
2145 603 2250 692 ab
2306 601 2773 690 auctoribus
2852 603 3071 691 dicta
3114 662 3140 708 ‚
3220 624 3375 684 nec
3430 591 3767 718 probata
3814 652 3871 688 .,
3920 589 4105 678 Nos

1074 763 1272 842 ve'ro
1351 752 1942 868 praetermissis
2013 750 2188 834 istis
2272 746 2779 865 argumentis
2864 743 3007 851 (si
3086 742 3335 826 modo
3394 741 3555 824 dici
3588 751 4110 860 ,argumenta

1073 909 1422 1008 possunt
1461 899 1492 1002 )
1561 892 1692 976 rel
1747 891 2056 976 nullius
2115 891 2493 1002 ponderis
2522 949 2555 998 ,
2633 885 2769 970 vel
2820 899 3039 968 certe
3096 883 3496 968 levissimi
3555 911 3606 966 a
3674 880 4117 972 notatione.

1071 1041 1526 1122 nominum·
1549 1097 1576 1146 ‚
1633 1036 1739 1120 ad
1791 1027 2323 1120 astruendam
2374 1032 2703 1140 trunci,
2764 1041 2848 1112 et
2905 1023 3193 1112 Crucis
3252 1025 3949 1143 significationem
4008 1053 4109 1110 ea

1074 1180 1546 1294 persequuti
1599 1203 1884 1260 sumus
1918 1236 1943 1286 ,
2006 1203 2214 1290 quae
2274 1203 2326 1258 a
2376 1171 2910 1258 severissimis
2970 1163 3439 1283 quibusque
3500 1163 3853 1250 Criticae
3871 1210 3891 1248 ·.
3910 1165 4111 1281 legi-

1077 1318 1238 1407 bus
1267 1317 1854 1404 offerebantur
1884 1374 1904 1397 .
1953 1314 2321 1424 Quarum
2358 1317 2533 1400 rim
2551 1376 2599 1425 ,.
2620 1336 3123 1423 sensumque
3180 1311 3323 1422 qui
3376 1307 4044 1416 non-amiserint
4083 1355 4113 1416 ,

1077 1489 1242 1564 nae
1298 1462 1418 1544 illi
1465 1456 1860 1544 Hebraeis
1917 1453 2253 1542 vocibus
2304 1450 2525 1541 Chen
2556 1519 2583 1566 ,
2628 1470 2711 1538 et
2758 1447 3049 1537 Canna
3089 1449 3362 1536 trunci
3420 1446 4119 1564 significationem

1077 1604 1453 1688 invidere
1509 1601 1744 1684 nullo
1803 1599 2052 1690 modo
2101 1611 2545 1709 poterunt3
2614 1611 2697 1676 et
2744 1590 3062 1678 Trunci
3115 1592 3473 1675 nomine.
3516 1599 3953 1707 augustam
3996 1585 4121 1672 Fi-

1079 1739 1176 1824 lii
1233 1739 1396 1823 Dei
1454 1739 1808 1825 Crucem
1859 1726 2409 1838 monstratam
2467 1770 2517 1825 a
2571 1734 2999 1850 Prophetis
3058 1737 3305 1822 fuisse
3334 1795 3373 1847 ,
3422 1729 3847 1820 debebunt
3912 1754 4117 1814 con-

1082 1879 1300 1968 fiteri
1332 1941 1353 1965 .
2007 1877 2016 1886 ’
3720 1977 3725 1982 ‚

1335 2051 1369 2105 1
1390 2050 1438 2132 7
1529 2021 1766 2131 Quod
1820 2022 1892 2104 si
1955 2022 2297 2104 demum
2340 2019 2640 2104 eruditi
2702 2017 2821 2101 illi
2880 2018 3407 2102 notationum
3464 2015 3991 2122 admiratores
4028 2013 4125 2096 in

1093 2193 1192 2248 eo
1249 2141 1470 2248 firmi
1531 2166 1698 2248 sint
1730 2225 1755 2272 ,
1803 2179 2048 2275 atque
2081 2223 2105 2270 ‚
2166 2177 2262 2243 ut
2322 2159 2461 2242 ille
2516 2161 2633 2240 ait
2670 2161 2785 2241 ‘in
2840 2161 3314 2267 comoedia,
3369 2183 3649 2241 omnes
3689 2167 4121 2264 compacto

1083 2317 1256 2386 rem
1305 2319 1568 2418 agant
1599 2367 1624 2414 ,
1687 2317 2085 2416 tanquam
2133 2303 2212 2384 in
2268 2299 2623 2384 Velabro
2676 2299 2979 2386 Olearii
3007 2365 3030 2412 ,
3092 2304 3668 2416 mordicusque
3722 2311 4065 2384 teneant
4094 2351 4123 2408 ,

1085 2440 1495 2528 Hebraeis
1553 2444 1716 2530 illis
1788 2440 2130 2527 vocibus
2203 2443 2893 2558 significationem
2970 2443 3305 2556 quidem
3360 2444 3680 2528 arboris
3748 2437 4130 2526 tribuen-

1091 2589 1290 2672 dam
1341 2614 1526 2670 esse
1557 2651 1584 2698 ,
1627 2579 1924 2672 ,trunci
1975 2589 2417 2672 convenire
2476 2612 2652 2669 non
2710 2611 2943 2696 posse
2986 2647 3012 2695 ‚
3088 2614 3311 2670 anne
3365 2603 3799 2700 propterea.
3838 2586 4131 2672 vatici-

1087 2732 1238 2814 nia
1318 2746 1600 2815 nostra
1667 2732 1786 2813 de
1841 2728 2109 2818 Cruce
2194 2733 2631 2818 interitura
2710 2743 2909 2814 sunt
2946 2723 2991 2812 ἲ
3054 2726 3300 2814 Nihil
3362 2731 3725 2841 profecto
3794 2727 4077 2814 minus
4104 2787 4127 2810 .

1097 2871 1332 2957 Nam
1387 2875 1472 2956 id
1526 2873 1892 2957 maxime
1953 2871 2789 2956 animadvertendum
2846 2884 2971 2954 est
2998 2931 3023 2978 ‚
3084 2871 3433 2983 voloque
3494 2887 3591 2955 ut
3646 2899 3937 2956 omnes
3992 2876 4133 2957 in-

1092 3012 1466 3128 telligant
1495 3075 1520 3121 ,
1583 3041 1676 3097 ac
1735 3009 1994 3124 probe·
2047 3014 2315 3096 sciant
2342 3075 2367 3120 ‚
2431 3026 2717 3095 nostra
2781 3011 2983 3094 haec
3044 3011 3145 3094 de
3202 3008 3467 3118 Cruce
3518 3014 3907 3098 vaticinia
3956 3037 4131 3096 non

1087 3181 1268 3238 esse
1326 3157 1442 3237 ita
1497 3179 1692 3235 cum
1743 3152 2018 3237 trunci
2074 3155 2679 3269 significatione
2736 3156 3181 3261 conjuncta
3213 3218 3237 3264 ‚
3285 3170 3371 3238 et
3410 3153 3787 3271 colligata
3816 3219 3843 3266 ,
3902 3171 4003 3238 ut
4058 3155 4129 3238 si

968 3375 983 3382 -
1087 3325 1191 3380 ea
1255 3293 1592 3380 tollatur
1620 3354 1645 3401 ,
1707 3286 2060 3406 debeant
2117 3295 2453 3378 interire
2486 3355 2509 3376 .
2572 3291 3058 3408 Manebunt
3116 3296 3347 3380 enim
3416 3297 3739 3411 integra
3818 3293 4061 3407 plane
4098 3357 4129 3408 ,

1091 3441 1248 3550 deq
1273 3463 1382 3520 ue
1437 3435 1632 3547 ipsis
1685 3435 1892 3520 illud
1950 3438 2114 3521 dici
2169 3439 2593 3522 verissime
2649 3439 2956 3550 poterit
3022 3439 3245 3552 quod
3303 3439 3400 3520 in
3451 3433 3879 3550 proverbio
3950 3451 4075 3520 est
4098 3495 4133 3547 ‚

1083 3569 1294 3676 ,Non
1367 3603 1628 3660 ovum
1689 3601 1852 3664 ovo
1911 3578 2273 3666 similius
2305 3644 2331 3692 ‚
2394 3583 2721 3666 etiamsi
2774 3583 2973 3680 ⁴luco
3058 3581 3332 3668 trunci
3396 3607 3701 3694 ponere
3754 3581 4133 3667 arborem

1089 3717 1598 3804 voluerimus
1643 3779 1666 3800 .
1752 3713 1982 3804 Nam
2038 3722 2499 3804 sententiae
2550 3723 2771 3833 ipsae
2828 3724 3421 3807 vaticiniorum
3476 3722 3758 3808 invitis
3816 3725 4067 3807 etiam
4098 3777 4130 3828 ‚

1091 3855 1580 3940 nolentibus
1611 3919 1635 3967 ,
1697 3887 1794 3942 ac
1851 3859 2085 3942 omni
2140 3859 2270 3971 vi,
2328 3873 2412 3946 et
2468 3843 2647 3970 ope'
2678 3859 3325 3978 repugnantibus
3356 3927 3383 3974 ‚
3426 3881 3511 3950 et
3564 3859 4134 3962 recusantibus

1088 3993 1576 4082 hominibus
1609 4061 1634 4109 ,
1690 4001 1764 4081 si
1825 4001 2166 4113 quidem
2223 4000 2605 4087 homines
2662 4015 2907 4088 erunt
2934 4063 2963 4111 ,
3022 4004 3332 4090 invicte
3387 4003 4075 4094 demonstrabunt
4098 4069 4129 4118 ,

1087 4133 1470 4222 arborem
1513 4138 1748 4222 illam
1805 4141 1906 4224 de
1961 4169 2124 4256 qua
2179 4141 2636 4256 Prophetae
2692 4145 3139 4261 loquantur
3167 4212 3192 4258 ‚
3258 4148 3579 4234 nullam
3636 4175 3811 4235 esse
3866 4149 4137 4235 omnir·

1087 4305 1204 4366 no
1245 4281 1494 4364 aliam
1551 4307 1781 4391 posse
1813 4343 1840 4392 ,
1903 4283 2068 4367 nisi
2125 4302 2567 4401 augustam
2608 4286 2839 4371 illam
2868 4349 2893 4396 ,
2952 4303 3291 4404 totoque
3330 4294 3613 4375 animo
3656 4289 4131 4404 colendam,

1093 4432 1176 4504 ct
1235 4417 1626 4504 omnibus
1681 4425 1974 4508 studiis
2042 4429 2343 4511 nostris
2428 4431 2979 4540 adjurandam
3023 4497 3049 4543 ‚
3125 4437 3577 4550 ceterisque
3658 4427 4133 4531 hominibus

1097 4560 1673 4646 declarandam
1707 4565 1758 4672 ‚'
1805 4565 1899 4645 in
1977 4562 2419 4683 lucemque
2500 4572 3075 4681 proferendam
3162 4573 3347 4682 Filii
3390 4575 3551 4662 Dei
3596 4641 3622 4689 ‚
3662 4574 4138 4687 summique

1098 4697 1451 4788 Domini
1506 4705 1766 4786 nostri
1814 4701 2018 4789 Jesu
2060 4703 2368 4792 Christi
2412 4708 2764 4796 Crucem
2798 4775 2819 4796 .
2884 4713 3043 4800 Sed
3106 4744 3259 4801 nos
3320 4721 3687 4805 severius
3740 4717 4136 4832 quiddam

1087 4845 1610 4959 strictiusque
1671 4846 2150 4960 sequimur3
2227 4867 2313 4934 et
2370 4858 3057 4973 quandocumque
3112 4865 3495 4947 animum
3552 4865 3658 4948 ad
3713 4863 4129 4969 interpre-

1079 4986 1436 5072 tationes
1479 4983 2090 5100 Prophetarum
2130 4991 2611 5105 appellimus
2628 5055 2655 5107 ,
2716 4995 2921 5120 iliud
2978 5001 3221 5086 initio
3258 4983 3409 5120 pro
3448 5002 4129 5117 virilinitimur,
