4500 6184
1109 477 1251 569 κὴ
1796 606 3189 688 APPROBATIONES.

993 853 1462 938 Vaticiuiorum
1513 849 1819 924 hactenus
1871 853 1948 922 de
1991 860 2194 924 cruce
2241 855 2710 948 incognitorum
2760 855 3389 950 interpretationem
3420 908 3444 945 ,
3498 877 3565 936 et
3614 863 4011 942 declaratio-

1175 1004 1334 1056 nem
1383 1004 1421 1051 a
1471 979 1646 1052 Viro
1691 978 1779 1052 cl.
1834 977 2188 1054 Francisco
2242 978 2549 1052 Antonio
2595 977 2838 1052 Baldio
2890 1003 2977 1054 ex
3022 981 3319 1054 hebraeo
3379 1001 3717 1075 peractam
3756 1032 3781 1067 ,
3856 1008 4009 1060 cum

1179 1101 1264 1176 de
1317 1099 1634 1173 mandato
1671 1099 1822 1174 Rti'ti
1862 1100 1928 1169 8.
1963 1103 2044 1170 A.
2071 1100 2148 1170 P.
2181 1098 2484 1194 Magistri
2534 1118 2783 1173 attente
2837 1104 3265 1198 perlegissem
3296 1149 3320 1184 ,
3366 1126 3507 1178 non
3563 1105 3761 1199 potui
3812 1129 4015 1190 sane,

1177 1222 1342 1316 quin
1395 1219 1580 1293 illam
1661 1238 1732 1294 et
1784 1219 2082 1292 laudibus
2159 1223 2475 1296 maximis
2507 1268 2529 1302 ,
2598 1241 2667 1292 et
2714 1221 3205 1314 adprobatione
3256 1222 3721 1319 dignissimam
3770 1241 4013 1301 censes·

1177 1369 1376 1420 rem.
1453 1343 1534 1416 ln
1583 1342 1988 1436 ea'quippe
2039 1361 2170 1416 tam
2225 1343 2531 1425 delecta,
2611 1359 2877 1433 tamque
2954 1344 3298 1428 recondita
3389 1367 3614 1420 rerum
3666 1347 4019 1425 sacrarum

1181 1464 1382 1558 copia
1431 1486 1584 1538 cum
1661 1482 1846 1538 tanta
1913 1485 2353 1559 graecarum,
2428 1464 2999 1559 hebraearumque
3050 1465 3451 1540 Litterarum
3525 1465 3808 1542 scientia
3852 1490 4021 1543 con·

1187 1589 1416 1668 iuncta
1469 1591 1746 1670 elucet,
1821 1603 1900 1664 ut
1971 1586 2138 1664 nibil
2205 1587 2505 1665 omniuo
2552 1589 2771 1668 doctis
2821 1589 3005 1666 Viris
3078 1591 3605 1668 desiderandum
3676 1569 4026 1686 superesse

1183 1712 1548 1785 videatur.

1001 1838 1168 1918 Vox
1249 1843 1395 1948 l³‚’
1467 1855 1634 1926 quae
1685 1849 1820 1908 tam
1871 1851 2064 1926 saepe
2111 1831 2181 1908 in
2234 1833 2455 1906 Sacris
2504 1836 2592 1908 V
2622 1836 2703 1911 Τ.
2756 1837 3015 1932 paginis
3064 1840 3411 1923 occurrit,
3492 1838 3606 1912 illa
3658 1851 3811 1918 est,
3858 1858 4027 1932 quae

1193 2086 1411 2184 Ipsam
1465 2079 1646 2152 enim
1685 2125 1712 2160 ,
1781 2098 1930 2170 quae
1985 2076 2050 2148 in
2129 2077 2363 2172 primis
2417 2079 2805 2170 praesertim
2858 2075 3209 2156 Geneseos
3270 2084 3653 2176 capitibus,
3726 2105 3794 2156 et
3867 2085 4029 2162 alibi
4114 2071 4121 2077 ’

1033 2253 1043 2265 .
1099 2227 1106 2234 ·
1191 2203 1432 2302 passim
1493 2221 1622 2294 pro
1675 2185 1998 2294 particula
2049 2214 2228 2272 recte
2276 2199 2569 2274 sumitur
2600 2245 2625 2280 ,
2692 2223 2765 2273 nc
2812 2203 3183 2294 explicatur
3218 2251 3241 2287 ,
3290 2203 3877 2300 ‚significationem
3916 2204 4037 2277 -ina

1049 2355 1061 2366 ·
1197 2343 1407 2421 super
1449 2323 1701 2398 Trunci
1743 2324 1996 2394 habete
2045 2337 2291 2418 posse,
2324 2333 2716 2416 aptamque
2768 2323 3018 2398 idcirco
3068 2349 3211 2398 esse
3256 2329 3339 2399 ad
3398 2329 3511 2399 88.
3548 2329 4031 2424 Redemptoris

1193 2449 1412 2526 nostri
1487 2447 1546 2562 J:
1586 2446 1676 2517 C.
1725 2444 2025 2520 cumen:
2098 2442 2628 2593 designandam,
2703 2445 3195 2520 eruditissimus
3254 2449 3376 2520 Vir
3454 2449 3849 2552 gravissime
3908 2451 4035 2534 de-

1195 2587 1580 2653 monstrat

1006 2703 1112 2782 Ac
1161 2697 1316 2786 iure
1364 2695 1696 2789 quidem.
1772 2691 1933 2764 Vox
1981 2690 2234 2783 quippe
2288 2690 2399 2762 issa
2448 2693 2555 2763 Vel
2610 2693 2917 2764 directe
2884 2727 2917 2774 ‚
2960 2715 3035 2769 ut
3080 2697 3497 2792 probabilius
3543 2697 3868 2780 videtur,
3917 2697 4033 2773 vel
4138 2675 4145 2682 ⁵

1035 2853 1048 2872 r
1193 2823 1426 2896 saltem
1463 2817 1775 2890 indiretts
1807 2831 1930 2912 per
1963 2817 2243 2887 verbum
2307 2834 2413 2912 ῃ,
2462 2841 2493 2886 a
2542 2817 2757 2894 radice
2806 2825 2969 2917 μθ,
3006 2844 3156 2895 cum
3192 2844 3321 2915 qua
3356 2823 3579 2915 ipsum
3614 2834 3727 2918 μ)
3776 2839 4030 2902 unum,

1199 2945 1512 3038 idemque
1561 2941 1639 3014 fit
1689 2943 1756 3018 {n
1807 2933 2138 3034 Pingbd,
2207 2947 2435 3028 ortum
2494 2941 2784 3026 habere,
2860 2961 3079 3018 ratum
3132 2943 3499 3026 omnibus,
3564 2948 4031 3046 exploratum..

1199 3087 1332 3161 que
1381 3083 1484 3142 (δῖ
1515 3111 1539 3144 ο
1619 3105 1626 3112 ·

1016 3193 1128 3280 3³³
1179 3212 1394 3272 vero,
1443 3209 1638 3283 atque
1689 3193 1770 3264 ab
1821 3214 1909 3263 eo
1958 3187 2313 3266 deductum
2371 3201 2473 3284 1³³
2516 3245 2526 3256 ·
2575 3180 2973 3286 quamqham
3030 3189 3425 3282 plerumque
3466 3203 3501 3262 a
3538 3183 4031 3296 recentiori-bus

1211 3309 1732 3412 Lexicographis
1781 3317 2105 3407 aptandi,
2153 3317 2266 3385 vel
2318 3313 2735 3410 disponendi,
2802 3312 2912 3382 vel
2964 3311 3335 3404 dirigendi,
3386 3311 3497 3382 vel
3548 3308 4039 3389 constituendi,

1173 3435 1318 3505 ‘vel
1398 3434 1685 3534 denique
1758 3431 2138 3508 stabiliendi
2187 3438 2379 3518 vim,
2450 3429 3142 3531 significationemque
3216 3424 3628 3525 suscipiant,
3697 3431 3755 3502 si
3812 3447 4039 3502 tamen

1213 3561 1390 3633 ratio
1437 3562 1801 3640 habeatur,
1851 3561 2421 3654 quemadmodum
2476 3559 2703 3632 baberi
2756 3559 3005 3637 debet,
3073 3557 3155 3629 ad
3205 3555 3421 3628 affinia
3474 3553 3843 3643 idiomata,
3890 3553 4042 3652 'Sy-

1213 3683 1468 3758 riacum
1519 3677 1906 3775 praesertim
1940 3726 1963 3763 ,
1997 3703 2069 3754 ac
2106 3677 2579 3776 Aethiopicum
2608 3730 2630 3764 ,
2682 3695 2919 3755 vocem
2973 3680 3151 3754 illam
3201 3679 3611 3752 existentiam
3659 3673 4035 3770 generatim

1221 3802 1570 3896 designare
1649 3802 1868 3876 statim
1948 3801 2567 3894 depraehenditur.
2631 3801 2812 3872 Cum
2893 3821 3061 3897 ergo
3110 3821 3248 3871 vox
3318 3805 3443 3900 12,
3496 3821 3695 3891 quam
3746 3794 4043 3869 nominis

1219 3929 1615 4002 substantivi
1667 3921 1953 3997 formam
1987 3972 2009 4006 ,
2059 3945 2132 3999 ac
2183 3945 2449 3998 sensum
2506 3917 2782 3996 induere
2836 3937 3081 4014 posse,
3159 3944 3364 3992 nemo
3414 3941 3593 3995 certe
3644 3927 4049 4021 negaverit,

1219 4053 1302 4124 ab
1359 4049 1474 4122 illa
1522 4049 1661 4141 ipsa
1712 4043 1931 4120 radice
1964 4093 1986 4128 ,
2059 4064 2228 4136 quae
2279 4047 2687 4124 existentiam
2736 4043 3102 4136 exprimit,
3174 4046 3491 4130 oriatur-3
3563 4048 3699 4140 ipsa
3770 4073 4043 4146 quoque

1221 4194 1365 4250 rem
1411 4169 1807 4250 existentem
1852 4167 2156 4260 designet
2203 4187 2532 4261 oportet3
2584 4186 2651 4240 et
2699 4167 2967 4261 qui-tem
3024 4191 3161 4240 non
3215 4191 3353 4242 rem
3383 4217 3405 4251 ,
3462 4188 3573 4242 aut
3620 4170 4045 4248 existentiam

1218 4292 1646 4388 quamlibet,
1689 4293 1808 4361 sed
1865 4290 2044 4366 illam
2097 4288 2442 4367 omnino,
2492 4311 2658 4382 quae
2712 4287 3026 4380 peculiari
3081 4288 3315 4362 radicis
3360 4314 3517 4364 suae
3560 4291 4041 4387 significationi

1220 4415 1684 4518 respondeat,
1760 4411 1964 4504 Atqui
2015 4412 2209 4486 radix
2261 4430 2491 4484 nostra
2552 4411 2857 4514 plantare
2933 4411 3310 4506 significat,
3382 4433 3456 4485 ut
3508 4414 3665 4508 Syri
3736 4411 4050 4501 universe

1221 4553 1600 4622 testantur.
1675 4535 1904 4626 Itaque
1959 4545 2211 4610 nomen
2264 4507 2745 4609 substantivum
2822 4534 2907 4630 l?
2984 4553 3256 4608 truncus
3305 4559 3343 4606 a
3394 4535 3629 4606 Baldio
3680 4535 4053 4619 rectissime

1223 4661 1567 4746 vertitur,
1615 4681 1768 4737 cum
1823 4677 2100 4736 truncus
2149 4683 2188 4734 a
2239 4658 2466 4758 planta
2511 4681 2745 4731 revera
2794 4663 2926 4731 sit.

1032 4771 1280 4878 Neque
1320 4779 1820 4860 Grammaticae
1872 4773 2167 4855 rationes
2215 4786 2437 4858 solum
2469 4831 2495 4866 ,
2558 4804 2791 4854 verum
2847 4798 2913 4852 et
2964 4780 3536 4876 ingeniosissimae
3586 4783 3672 4860 cl.
3706 4781 3853 4874 Viri
3924 4781 4059 4854 ob-

1233 4905 1655 4979 servationes
1727 4905 2093 4976 secundum
2144 4903 2625 5008 severissimas·
2669 4901 2933 4976 critices
2978 4903 3165 4998 leges
3236 4901 3569 4976 institutae
3644 4901 3734 4989 ita
3784 4901 3855 4976 in
3928 4899 4065 4974 inin
4106 4957 4119 4969 .

1247 5027 1477 5104 decem
1553 5025 1918 5120 explanatis
1983 5023 2274 5100 oraculis
2324 5022 2477 5100 voci
2552 5027 2632 5128 [³.
2684 5023 2899 5098 trunci
2934 5005 3505 5122 'significationem
3556 5025 3921 5108 adserunt,
3981 5027 4061 5101 ut
