4500 6184
3290 417 3379 500 {x

455 621 696 758 qua·
740 605 1018 719 nihil·
1057 719 1060 724 ,
1093 603 1416 714 habeo
1497 605 1872 726 catius3
1941 597 2112 707 sed
2191 587 2486 730 plane
2562 589 3111 742 ignorans}
3180 619 3495 708 num:

459 774 960 910 quidnam
1043 788 1729 900 consequutus
1825 771 2040 900 ejus
2143 763 2291 863 rei
2390 761 2587 864 sim
2636 841 2669 888 ,
2766 773 3487 898 proptereaque

455 929 996 1066 subjiciens
1067 925 1859 1033 existimandum
1927 921 2475 1028 admirabili
2544 923 3070 1052 sapientiae
3132 923 3411 1028 Tuae
3452 993 3490 1044 ‚

455 1119 794 1222 quum
881 1112 1246 1190 omne
1271 1083 1753 1192 Ecclesiae
1845 1081 2448 1186 desiderium
2524 1082 2861 1214 ipsum
2922 1069 3280 1187 Tuu'm
3360 1080 3491 1186 sit

459 1244 1132 1350 desiderium'.

734 1403 1147 1508 Accedit
1243 1403 1412 1506 has
1487 1398 2230 1505 lucubrationes
2324 1430 2595 1502 meas
2686 1399 2834 1502 in·
2897 1399 3491 1528 Apostolicis

459 1558 861 1670 -Palatiis
889 1635 922 1686 ,
965 1563 1166 1667 hoc
1226 1557 1372 1664 est
1425 1557 1710 1662 domi
1749 1556 2028 1663 Tuae
2095 1579 2367 1660 natas
2400 1629 2433 1679 ‚
2478 1580 2581 1660 et
2630 1557 2753 1661 ad
2812 1563 3491 1690 exitum·per·‘-

459 1727 802 1835 'ductas
857 1721 1124 1845 esse,'
1175 1720 1303 1822 de
1369 1751 1570 1852 qua
1637 1716 2031 1848 prodire
2095 1714 2212 1816 in
2276 1715 2809 1842 publicum
2870 1721 3088 1824 sine
3144 1721 3495 1861 Augu-

455 1905 618 1988 sto
671 1879 1228 1987 Sanctitatis
1291 1876 1570 1982 Tuae
1645 1875 2104 1980 Nomine
2169 1907 2397 1978 non
2464 1879 3025 2004 audebant;
3100 1913 3239 1983 ne
3312 1883 3494 1984 do-

457 2075 649 2154 mo
719 2040 1138 2172 turpiter
1226 2033 1584 2176 fugisse
1669 2030 2000 2168 potius
2033 2106 2110 2156 ‚
2103 2067 2475 2169 quam
2562 2037 2981 2143 honeste
3070 2040 3547 2162 exivisse„

475 2201 1116 2316 viderentur.

507 2359 557 2372 ”
739 2357 1017 2480 Quid
1073 2357 1354 2494 quod
1395 2357 1613 2459 sine
1651 2385 1775 2458 su
1797 2387 2082 2460 mma
2147 2355 2504 2494 ingrati
2566 2359 2885 2462 animi
2930 2383 3173 2466 nota
3218 2395 3498 2468 com-

477 2515 880 2621 mittere
961 2549 1198 2626 ‚non
1285 2518 1834 2646 potuissem
1869 2586 1904 2637 ‚
1992 2541 2114 2617 ut
2195 2519 3017 2652 quandocunque
3110 2527 3493 2627 occasio

461 2673 880 2779 daretur
944 2676 1218 2780 illius
1271 2679 1694 2781 testandi
1735 2667 2150 2814 pergrati
2217 2699 2318 2780 et
2364 2679 3237 2782 commemorandi
3281 2717 3500 2790 mae

429 2833 816 2936 -ximau
801 2867 1096 2968 quae
1160 2836 1274 2936 in
1314 2863 1518 2936 me
1575 2829 2045 2938 conferre
2116 2834 2587 2970 singulari
2652 2833 3213 2941 Clementia
3277 2839 3501 2944 Tua

459 2993 940 3130 dignatus
1029 3025 1130 3096 es
1213 2987 1696 3096 beneficia
1728 3063 1776 3115 ‚
1851 3019 2080 3094 eam
2167 3023 2395 3094 non
2472 2993 3068 3122 arriperem,
3152 3027 3499 3131 neque

461 3181 898 3280 operam
993 3155 1328 3256 darem
1385 3225 1422 3274 ‚
1539 3149 1664 3256 u't
1765 3145 2132 3255 eorum
2243 3153 2743 3256 memoria
2846 3187 3071 3259 non
3145 3159 3500 3260 solum

456 3311 746 3438 -apud
813 3341 986 3412 me
1014 3382 1049 3433 ‚
1117 3340 1487 3412 verum
1555 3310 1860 3412 etiam
1925 3302 2189 3438 apud
2253 3334 2693 3438 posteros
2727 3383 2760 3433 ‚
2848 3313 2929 3416 si
2994 3311 3214 3415 fieri
3278 3347 3502 3444 pos-

468 3486 630 3567 set
657 3536 692 3586 ‚
757 3467 1390 3597 sempiterna·
1424 3491 1666 3571 esset
1714 3473 1764 3568 1³
1857 3467 2128 3574 Nam
2195 3494 2300 3574 et
2362 3471 2697 3574 statim
2763 3471 3063 3574 initio
3138 3472 3501 3608 glorio-

463 3625 832 3732 sissimi
897 3625 1556 3730 pontificatus
1617 3625 1818 3734 Tui
1883 3627 2146 3730 mihi
2211 3628 2771 3758 principem
2838 3628 3267 3732 tribuisti
3332 3631 3500 3738 -lo-.

459 3817 733 3886 scum
795 3785 1060 3890 inter
1126 3817 1412 3888 meos
1479 3808 1730 3889 tunc
1817 3777 2295 3915 temporis
2386 3784 2793 3923 collegas
2826 3860 2859 3906 ‚
2928 3787 3501 3892 -honestissia

459 3973 710 4044 ‚mos
771 3944 1054 4048 viros
1086 3949 1164 4066 ‘‚'·
1227 3973 1680 4080 quorum
1747 3941 1991 4046 fides
2083 3963 2186 4044 et
2250 3943 2728 4050 industria
2796 3944 3026 4050 Tibi
3111 3977 3501 4076 semper

468 4129 980 4236 perspecta
1039 4101 1238 4207 fuit
1297 4104 1432 4204 in‘
1478 4102 2048 4239 gravissimo
2093 4125 2220 4206 et·
2251 4099 3000 4232 perhonorifico
3071 4102 3502 4209 conscri-

485 4257 794 4364 bendi
859 4261 1224 4367 Literas
1319 4263 1449 4363 de
1537 4291 1648 4362 re
1733 4257 2126 4388 publiea
2194 4291 2627 4362 munere
2658 4333 2693 4382 ‚
2784 4285 2884 4366 et
2972 4287 3147 4391 per
3222 4265 3501 4367 idem

457 4441 894 4552 -tempus
943 4457 1190 4527 cum
1259 4455 1454 4531 nos
1525 4453 1888 4524 omnes
1953 4421 2403 4559 ejusdem
2470 4421 2927 4523 muneris
2980 4411 3312 4522 socios
3344 4419 3503 4530 in-,

457 4584 950 4720 gentibus
1019 4579 1529 4688 beneficiis
1601 4603 2271 4714 prosequutus
2344 4611 2445 4682 es
2486 4649 2519 4700 ,
2616 4599 2849 4681 tum
2912 4608 3085 4683 me
3151 4577 3265 4678 in
3344 4605 3492 4679 se·-

461 4745 964 4848 =cundum
1009 4743 1476 4846 ordinem
1521 4737 2244 4878 praeclarissimi
2276 4733 2796 4840 Vaticanae
2841 4733 3295 4840 Basilicae
3338 4732 3505 4838 Sa-‘

462 4903 1048 5026 -cerdotum
1115 4902 1530 5043 collegii
1604 4897 2012 5021 adscribi
2049 4896 2498 5093 -jussisti3
2564 4917 2665 5004 et
2714 4917 2965 5029 ,post
3035 4881 3506 5027 optatissiz
