4500 6184
1337 479 1700 567 Ismara·
1769 440 2120 572 CAPUT
2193 489 2483 574 LIII
2674 519 2678 522 ·
3186 531 3300 615 77

401 613 816 703 doloribus
874 617 1124 702 etiam
1210 633 1290 700 et
1345 626 1894 736 aegritudine
1925 630 2196 710 animi
2203 692 2238 739 ‚
2276 659 2529 743 quam
2582 635 2821 719 vultu
2876 658 3069 749 prae
3124 671 3210 727 se
3270 662 3415 730 tu—

401 757 673 869 lisset,
738 766 1140 873 arrepturi
1195 782 1427 852 erant
1461 767 1828 878 Judaei,
1874 777 1989 854 ut
2043 798 2289 881 supra
2346 779 2771 890 cognitum
2832 795 2990 862 est.
3058 781 3217 868 Sed
3278 815 3416 869 re·-

397 899 660 1012 liquae
707 902 1167 986 occasiones
1212 903 1602 990 hactenus
1648 937 1694 989 a
1740 906 2143 1020 Propheta
2198 935 2887 1002 commemoratae
2930 925 3139 1008 nihil
3182 945 3415 1012 erant

395 1037 818 1162 habiturae
873 1047 1094 1157 quod
1129 1043 1230 1128 ab
1288 1048 1818 1163 ipsoMessia
1859 1055 2501 1164 proficisceretur
2530 1121 2561 1167 7
2600 1057 2703 1142 ab
2750 1086 3009 1175 eoque
3048 1080 3417 1150 tantum-

396 1183 1387 1294 modopermittebantur
1418 1250 1438 1270 .
1491 1189 1678 1272 Una
1738 1192 1944 1274 haec
1997 1210 2183 1282 erat,
2241 1196 2621 1280 dolorum
2679 1217 2759 1282 et
2829 1208 3411 1320 aegritudinis,

397 1327 628 1432 cujus
712 1329 1356 1416 fundamentum
1435 1335 1526 1414 in
1609 1339 1781 1445 ipso
1865 1337 2246 1418 futurum
2337 1355 2511 1422 erat·
2540 1399 2559 1421 .
2622 1341 2935 1451 Idcirco
3009 1345 3415 1461 Propheta

394 1469 780 1574 praedicit
809 1535 834 1583 ‚
894 1471 1298 1560 Messiam
1353 1505 1540 1562 rere
1597 1479 2050 1592 aegerrimo
2105 1481 2829 1598 moes-tissimoque*
2868 1491 3149 1572 animo
3190 1492 3363 1576 fore
3386 1554 3405 1572 .

396 1606 950 1717 Quamobrem
975 1613 1018 1698 ἲ
1073 1616 1262 1729 quia
1349 1643 1544 1727 quas
1607 1619 2154 1731 aegritudines
2214 1623 2531 1730 animi,
2596 1653 2795 1736 quos
2872 1629 3185 1714 dolores
3258 1634 3449 1718 iza-³

391 1746 584 1836 bere
640 1757 940 1872 singuli
987 1759 1360 1848 homines.
1421 1757 1979 1848 debuissemus
2026 1759 2146 1845 obs
2178 1764 2704 1848 inimi-citiam
2750 1767 2965 1878 Dei,
3024 1772 3117 1852 in
3158 1801 3417 1886 quarn

389 1901 732 2006 peccatis
791 1902 1284 1982 incurrimus
1335 1905 1552 2011 (quo
1601 1901 1944 1984 ‘nullum
2001 1903 2267 2008 majus
2314 1931 2487 1988 esse
2542 1923 2817 2017 potest
2850 1909 3224 2017 malum)
3278 1945 3421 2018 eas

391 2035 526 2143 ille
587 2066 730 2146 pro
796 2037 1034 2138 nobis
1092 2045 1656 2153 assumsisset,
1719 2043 1980 2157 iisque·
2023 2073 2198 2130 sese
2241 2069 2715 2161 onerasset,
2778 2059 2875 2135 ut
2928 2081 3081 2136 nos
3128 2083 3237 2138 ne
3281 2087 3419 2140 eo·-

393 2183 744 2296 gitantes
797 2187 1134 2297 quidem
1193 2187 1666 2272 conciliaret
1709 2187 1888 2268 Deo
1921 2250 1942 2292 ‚
2008 2186 2395 2302 illiusque
2445 2195 2761 2276 amicos
2818 2194 3127 2278 faceret
3156 2255 3177 2276 .
3234 2195 3429 2310 Quo-

389 2318 790 2410 beneficio
849 2331 1046 2438 quid
1099 2345 1364 2438 potest
1415 2355 1604 2410 esse·
1649 2323 2204 2437 praeclarius?

623 2465 820 2552 Nos
889 2499 1086 2554 vero
1157 2490 1342 2556 eum
1413 2470 2080 2558 existimabimus
2165 2467 2540 2584 tactum,
2614 2503 3105 2584 percussum
3180 2475 3343 2591 Dei
3383 2542 3425 2589 †
3558 2461 3565 2468 ’

385 2627 662 2727 atque⁴
703 2627 1125 2698 vectatum·
1160 2614 1187 2698 ¹.

545 2724 558 2742 ⁵
622 2754 803 2840 Nos
870 2787 1064 2850 vero
1140 2757 1494 2845 Hebraei
1527 2826 1566 2872 ‚.
1613 2764 1766 2846 etsi
1822 2755 2327 2866 Prophetae,
2410 2761 2719 2874 egoque
2777 2759 3025 2846 Isaias
3082 2766 3175 2846 in
3230 2767 3439 2874 pri-3

386 2895 544 2980 mis
579 2961 602 3007 ,
666 2917 858 2986 ante
940 2919 1064 2986 tot
1141 2905 1441 2990 secula.
1496 2933 1752 3019 qnam
1805 2901 2152 2986 Messias
2213 2917 2613 2986 v-enturus
2670 2903 2777 2986 sit
2802 2967 2837 3013 7
2904 2903 3405 3012 praedixeri-

385 3067 631 3151 mus,
701 3054 784 3124 et
843 3044 1358 3129 docuerimus
1419 3073 1624 3158 quae
1684 3069 1926 3126 causa
1982 3041 2259 3124 futura
2304 3057 2514 3124 esset
2556 3044 2849 3128 doloris
2910 3051 3407 3134 moestitiae·-

390 3209 548 3294 que
607 3177 1023 3294 Messiae3
1074 3157 1372 3272 'tamen
1423 3187 1762 3298 perinde
1803 3184 2036 3300 quasi
2073 3182 2289 3268 nihil
2348 3185 2507 3268 hac
2561 3186 2658 3269 de
2716 3217 2803 3270 re
2848 3191 3400 3299 dixissemus,

387 3323 1034 3444 existimabimus
1105 3359 1300 3416 eum
1355 3333 1618 3446 ignoti
1676 3331 2096 3438 cujusdam
2133 3386 2176 3433 γ
2235 3341 2319 3408 et
2386 3329 2771 3410 omnium
2836 3331 3181 3412 maximi
3242 3333 3415 3414 cri-

381 3467 636 3566 minis
701 3473 828 3554 sui
889 3501 1130 3562 causa
1189 3491 1506 3562 tactum
1561 3506 1614 3558 a
1679 3473 1860 3556 Deo
1889 3535 1916 3582 ‚
2003 3476 2537 3581 percussum,
2616 3469 2949 3581 direque
3008 3484 3405 3566 vexatum

383 3621 508 3690 tot
562 3613 972 3725 tantisque
1043 3612 1488 3730 angoribus
1546 3613 1806 3699 animi
1863 3613 2112 3694 fuisse
2145 3615 2170 3692 .’

617 3749 1364 3840 Animadvertenda
1435 3771 1560 3840 est.
1627 3753 1954 3866 phrasis
1990 3773 2484 3858 percussum
2556 3743 2719 3834 Dei
2748 3813 2781 3859 7
2836 3777 3041 3863 quae
3122 3771 3403 3840 nostra

373 3917 863 4000 percussum
919 3925 977 3980 a
1032 3891 1210 3980 Deo
1255 3896 1522 3980 multo
1580 3909 1704 3977 est
1757 3891 2397 4007 significantior.
2461 3885 2903 3974 Percussus
2965 3894 3195 3974 enim
3240 3894 3403 3983 Dei

383 4039 786 4152 significat
857 4038 1288 4130 hominem
1357 4067 1610 4158 quem
1664 4036 1892 4122 Deus
1949 4050 2281 4120 tantum
2334 4039 2581 4116 ‘vexat
2638 4049 3049 4201 quantum
3104 4061 3399 4120 vexare

383 4182 978 4290 omnipotentia
1033 4207 1181 4263 sua
1237 4191 1552 4290 potest.

493 4315 552 4403 5
635 4319 810 4402 Imo
894 4347 1092 4404 varo
1177 4321 1662 4406 vulneratus
1749 4320 1906 4400 erit
1983 4316 2107 4400 ob
2160 4313 2939 4423 praevaricationes
3010 4329 3343 4403 nostras
3372 4377 3397 4428 ,
3453 4323 3469 4340 ⁸

379 4463 713 4554 attritus
769 4465 872 4547 ob
931 4465 1404 4578 iniquitates
1475 4461 1864 4548 nostras!

614 4603 796 4690 Imo
855 4633 1044 4690 vero
1073 4670 1102 4716 ,
1171 4607 1415 4721 idque
1470 4633 1794 4717 semper
1851 4620 2102 4717 atque
2162 4605 2580 4713 perspicue
2622 4629 2672 4684 a
2726 4597 2969 4684 nobis
3024 4597 3399 4710 Prophe-'-

380 4746 481 4841 tis
557 4751 1000 4835 dicendum
1045 4768 1167 4836 est
1197 4815 1223 4864 ,
1282 4754 1352 4836 si
1413 4779 1578 4867 quo
1633 4749 1880 4832 modo
1935 4747 2114 4828 fieri
2163 4747 2461 4856 poterit
2492 4806 2517 4853 ,
2582 4737 2938 4826 Hebraei
2995 4755 3093 4823 ut
3146 4743 3399 4824 intel-

383 4885 629 5008 ligere
697 4892 956 4992 velint
987 4957 1012 5004 ‚
1075 4897 1246 4978 imo
1316 4922 1512 4978 vero
1536 4957 1566 5004 ‚
1639 4895 1984 5008 inquam
2014 4951 2039 5000 ,
2113 4917 2291 4972 non
2358 4883 2463 4968 ob
2534 4913 2782 4968 suum
2853 4882 3179 4995 aliquod
3232 4884 3397 4964 cri·-

381 5057 580 5148 men
611 5099 638 5150 ,
697 5039 914 5154 quod
974 5064 1410 5154 nunquam
1481 5067 1652 5126 esse
1707 5036 2057 5153 poterit,
2129 5057 2427 5146 quum⁴
2450 5026 2783 5114 nullum
2838 5023 3188 5108 omnino
3210 5020 3395 5130 -crig-
