4500 6184
1184 526 1361 639 392
1949 507 2054 604 ni
2112 516 2392 605 Canon
2451 508 3008 606 Vin-mmm·
3080 510 3231 603 IX.

1070 680 1243 780 est,
1314 652 1669 779 quorum
1724 654 2095 749 versione
2159 662 2521 777 Apostoli
2584 661 3041 747 utebantur
3074 723 3093 744 .
3158 660 3369 769 Quid
3430 641 4115 772 antistitis-velis}¹

1057 825 1157 891 ut
1208 824 1513 893 statuas
1559 826 1819 890 totam
1864 810 2439 920 antiquitatem
2470 872 2493 917 ,
2537 824 2624 891 et
2685 810 2774 888 in
2815 837 2916 890 ea
2981 809 3266 918 ipsum·
3302 804 3592 887 Jesum
3637 802 4107 917 Christum,

1062 948 1277 1032 i-llius
1341 949 1818 1061 Apostolos,
1911 967 1990 1033 et
2060 952 2538 1035 universam
2607 950 3058 1034 Ecclesiam
3129 952 3582 1057 judicasse,
3687 960 4124 1028 auctorum

1056 1096 1401 1174 nomina
1446 1091 1715 1175 dativo
1774 1121 1968 1175 casu
2024 1120 2347 1205 quoque
2405 1090 2508 1174 ab
2556 1088 2948 1173 Hebraeis
3008 1087 3426 1202 exprimi?
3487 1086 3598 1170 At
3655 1087 3918 1170 nostri
3964 1089 4111 1175 isti

1070 1238 1365 1318 eruditi
1452 1238 1739 1318 docere
1817 1232 2203 1321 deberent
2235 1302 2259 1348 ,
2349 1240 2433 1319 id
2516 1262 2950 1349 nunquam
3033 1231 3136 1315 ab
3210 1227 3607 1314 Hebraeis
3691 1230 3924 1337 fieri,
4009 1240 4107 1311 ut

1062 1376 1492 1461 Psalmum
1551 1394 1881 1488 possent
1945 1376 2366 1461 Salomoni
2439 1373 2937 1484 inscribere,
3017 1372 3315 1456 Davidi
3373 1366 3736 1453 tribuere
3781 1400 3803 1453 ε
3843 1370 4107 1485 —quod

1066 1532 1347 1601 tamen
1407 1548 1559 1601 nec
1618 1520 1913 1602 docent
1950 1583 1973 1629 ,
2034 1549 2308 1634 neque
2365 1550 2742 1636 unquam
2797 1524 3086 1603 docere
3143 1530 3530 1628 poterunt
3565 1574 3588 1595 .

1298 1660 1505 1743 Tria
1570 1664 1817 1776 igitur
1876 1690 2136 1774 quum
2192 1666 2360 1745 sint
2419 1692 2626 1776 quae
2681 1663 2942 1743 facere
3001 1654 3542 1740 deberent-hi
3601 1657 3741 1767 qui
3801 1656 4094 1763 ajunt,

1060 1827 1149 1882 se
1206 1800 1429 1885 tituli
1488 1804 1969 1884 auctoritate
2026 1805 2312 1885 ductos
2371 1800 2798 1883 Psalmum
2863 1798 3285 1881 Salomoni
3349 1800 3720 1908 eripere,
3803 1794 4104 1882 Davidi

1066 1943 1510 2025 concedere
1543 2004 1568 2048 ,
1649 1959 2307 2053 exspectaremus
2393 1941 2592 2024 haec
2680 1942 2878 2022 dum
2964 1938 3324 2020 facerent
3360 2001 3385 2045 ,
3447 1941 3518 2022 si
3599 1938 3928 2050 quidem
3995 1966 4096 2021 ea

950 2062 957 2153 ᾗ
1063 2098 1339 2164 essent
1398 2110 1603 2195 quae
1690 2082 1864 2164 fieri
1942 2114 1985 2166 a
2065 2086 2460 2197 quopiam
2544 2095 2872 2193 possent
2899 2134 2922 2155 .
3001 2075 3164 2159 Sed
3219 2106 3484 2190 quum
3543 2094 3858 2162 certum
3915 2083 4091 2197 sit,

1061 2219 1495 2303 neminem
1553 2225 1817 2307 facere
1874 2252 2105 2335 posse
2136 2259 2173 2334 ς
2227 2222 2544 2308 dabunt
2600 2224 2683 2305 hi
2748 2204 3189 2332 Scriptores
3254 2224 3580 2304 veniam
3612 2285 3636 2333 ,
3715 2222 3820 2303 si·
3862 2223 4098 2309 dixe..

1064 2363 1328 2446 rimus
1384 2392 1519 2447 eos
1589 2368 1771 2449 sine
1831 2360 2000 2450 ulla
2058 2369 2270 2475 justa
2305 2431 2328 2477 ,
2409 2396 2516 2452 ne
2587 2362 2986 2479 probabili
3049 2366 3384 2483 quidem
3413 2426 3440 2477 ,
3517 2364 3782 2447 levive
3851 2378 4097 2451 causa‘

1062 2498 1493 2587 Psalmum
1556 2505 1975 2590 Salomoni
2037 2504 2424 2619 eripuisse
2455 2569 2475 2589 .

1183 2670 1243 2756 9
1331 2646 1703 2732 Veniunt
1774 2651 1896 2733 illi
1970 2655 2110 2763 qui
2190 2654 2390 2734 dum
2449 2668 2764 2767 negant
2821 2648 3248 2735 Psalmum
3309 2646 3776 2745 Salomonis
3849 2668 4100 2761 esse,

1068 2784 1361 2867 incerti
1436 2792 1787 2875 auctoris
1872 2822 2047 2876 esse
2119 2790 2466 2877 volunt·.·
2530 2794 2666 2877 ’Ἠί
2727 2812 3129 2906 respuunt
3161 2858 3189 2907 ,
3255 2810 3354 2878 ut
3409 2796 3766 2876 diximus
3797 2853 3822 2897 ,
3887 2816 4098 2871 con-

1061 2939 1613 3043 temnuntque
1688 2934 1970 3017 titulos
2032 2930 2550 3021 Psalmorum
2580 3003 2605 3048 ,
2685 2939 3163 3052 nullamque
3194 2940 3412 3050 -ipsis
3483 2932 3864 3020 tribuunt
3939 2960 4094 3014 au-

1070 3072 1535 3154 ctoritatem
1566 3136 1591 3180 ,
1622 3090 2049 3189 -tanquam
2106 3078 2370 3161 aliena
2431 3094 2514 3161 et
2570 3078 2904 3189 profana
2955 3089 3215 3162 manu'
3277 3080 3385 3163 ad
3437 3076 3806 3161 Psalmos
3863 3075 4092 3183 adje-

1069 3210 1217 3291 ctis
1253 3271 1272 3290 .
1341 3212 1498 3320 Qui
1556 3218 1627 3296 si
1686 3218 1839 3299 hoc
1870 3220 2336 3304 ‘dixissent
2369 3238 2558 3303 ante
2617 3218 2874 3335 quam·
2923 3220 3420 3303 Tridentina
3481 3216 3876 3335 Synodus
3951 3242 4086 3297 ce·-

1062 3350 1370 3437 lebrata
1452 3370 1633 3465 est,
1716 3358 2050 3444 fortasse
2134 3358 2578 3447 honestam
2655 3362 3067 3475 quandam
3137 3364 3768 3444 excusationem
3828 3356 4090 3443 habe·-

1063 3502 1251 3578 'rent
1282 3556 1303 3575 .
1369 3493 1528 3579 Sed
1586 3526 1848 3611 quum
1906 3496 2425 3583 Psalmoru‘m
2480 3501 2704 3584 tituli
2771 3519 2858 3584 et
2916 3500 3163 3609 ante,
3227 3519 3312 3585 et
3361 3518 3544 3612 post
3599 3500 3808 3588 ill'ud
3859 3498 4102 3583 Con--

1058 3636 1343 3719 silium
1403 3640 1497 3719 in
1542 3637 1803 3725 Sacris
1858 3641 2244 3729 omnihus
2290 3640 2566 3727 Libris
2623 3645 2932 3726 fuerint
2977 3640 3374 3727 Hebraeis
3409 3706 3438 3754 ,
3467 3637 3864 3751 Graecis,
3911 3640 4088 3723 La-

1057 3773 1312 3885 tinis,
1400 3780 1580 3889 quis
1650 3800 1897 3898 neget
1979 3816 2115 3869 eos
2199 3818 2372 3871 esse
2431 3790 2794 3897 ipsorum
2852 3784 3298 3870 Librorum
3369 3764 3872 3897 partes?‘At
3931 3778 4086 3867 Sa·

1064 3932 1483 4001 erosancta
1567 3919 1709 4004 illa
1780 3921 2171 4039 Synodus
2257 3928 2854 4011 etfdeclataxfit
2931 3956 3102 4010 sese
3187 3930 3476 4010 omnes
3537 3922 3834 4011 Libros
3907 3940 4082 4007 tam

1057 4058 1353 4143 veteris
1384 4120 1411 4171 ,
1472 4086 1725 4171 quam
1782 4067 1976 4146 novi
2034 4065 2554 4152 Testamenti
2608 4068 3014 4175 suscipere
3075 4096 3165 4149 ae
3220 4070 3588 4152 venerari
3633 4096 3658 4175 3
3735 4082 3818 4149 et
3869 4094 4076 4151 ana-

1054 4194 1337 4279 thema
1386 4198 1655 4311 dixit,
1712 4203 2033 4317 siquis
2092 4208 2344 4292 libros
2406 4210 2631 4319 ipsos
2693 4238 2878 4293 cum
2943 4211 3316 4293 omnibus
3373 4212 3549 4293 suis
3617 4206 3998 4317 partibus
4041 4264 4072 4312 ,

1038 4350 1293 4443 prout
1350 4337 1428 4419 in
1476 4336 1863 4431 Ecclesia
1906 4347 2324 4433 catholica
2365 4349 2528 4461 legi
2584 4363 3242 4460 consueverunt,
3285 4364 3368 4433 et
3407 4352 3488 4433 in
3525 4350 3810 4435 veteri
3859 4344 3948 4429 V
3937 4346 4075 4429 ul·-

1036 4486 1249 4587 gata
1304 4478 1567 4569 latina
1626 4484 1974 4569 editione
2030 4488 2492 4603 habentur,
2537 4518 2694 4602 pro
2753 4488 3038 4579 Sacris
3083 4508 3178 4577 et
3229 4494 3648 4580 cononicis
3703 4518 3860 4574 non
3917 4512 4070 4569 su·-

1043 4622 1394 4731 sceperit
1484 4628 1663 4732 (1).
1752 4626 2113 4715 Videant
2184 4634 2432 4748 igitur
2491 4630 2580 4719 hi
2639 4630 3082 4747 Scriptores
3113 4696 3142 4748 ,
3201 4664 3364 4752 quo
3422 4638 3600 4749 jure
3658 4634 3814 4747 ipsi
3871 4654 4070 4714 con-

1138 5082 1226 5167 (ι)
1275 5076 1524 5147 concil.
1571 5080 1746 5150 Trid.
1792 5086 1946 5152 sess.
1993 5084 2105 5175 lv,
