4500 6184
1113 479 1213 628 g:

999 719 1594 828 refellendos
1685 714 2188 905 planeque,
2243 718 2950 865 debellandos
2990 752 3523 860 summam
3612 719 4035 826 habeant

1010 883 1228 988 vim
1255 954 1287 1004 ‚
1333 881 2079 1026 summumque
2133 869 2846 989 momentum.
2896 853 3496 1036 Naquuod
3540 913 4031 1020 magnum

995 1042 1250 1145 illud
1284 1038 1764 1145 Ecclesiae
1795 1038 2156 1139 lumen
2193 1041 2487 1148 divus
2516 1004 3129 1176 Augustinus
3154 1115 3183 1162 ‚
3210 1062 3687 1172 quartum
3724 1037 4035 1167 expli-
4164 1153 4171 1162 ,

1007 1236 1237 1308 cans
1305 1219 1531 1349 pro}
1566 1197 2089 1349 mitione*
2120 1229 2406 1368 supra
2462 1195 4033 1371 qumqttagesunmnf’salmum
3996 1265 4031 1316 ‚

1005 1357 1410 1468 multa
1383 1391 1496 1459 in
1541 1317 1822 1461 saciis
1773 1299 2216 1459 tibi-is
2241 1305 2650 1457 latuisse
2686 1322 3149 1478 dicebat}
3196 1352 3449 1490 quae
3467 1345 4028 1490 postquam

998 1515 1575 1638 Haeretici,
1653 1517 2194 1618 secessione
2284 1512 2588 1636 facta,
2679 1519 3421 1648 quaestionibus
3498 1515 4031 1620 Ecclesiam

1001 1679 1685 1812 agitaverunt,
1745 1697 2067 1802 aperta
2123 1673 2477 1792 fuisse,
2548 1676 3257 1809 cognitamque
3330 1707 3529 1778 esse
3588 1673 3781 1777 Dei
3844 1705 4032 1776 vo-

1003 1836 1562 1956 luntatem3
1616 1835 1891 1936 idem
1944 1823 2213 1936 certe
2249 1865 2623 1961 sperare
2668 1865 2954 1934 nunc
3006 1834 3305 1934 etiam
3360 1843 3575 1968 jure
3637 1829 4027 1962 licebit,

999 2019 1537 2129 postquam
1584 1996 1700 2096 ab
1751 1993 2297 2096 Incredulis
2339 1993 2727 2094 bellum
2770 2016 3057 2094 atrox
3088 2065 3117 2112 ‚
3166 2015 3265 2092 et
3314 1989 3649 2092 ferum
3694 1985 4029 2092 Eccle-

1001 2149 1197 2252 siae
1244 2153 1750 2254 indictum
1800 2178 1992 2257 est.
2046 2153 2636 2276 Quinetiam
2681 2151 2877 2254 hoc
2924 2152 3226 2289 magis
3270 2152 3671 2253 videtur
3710 2150 3814 2248 id
3861 2178 4037 2248 ex·-

1005 2311 1666 2440 spectandum
1730 2342 1984 2432 esse,
2031 2343 2241 2443 quo
2314 2309 3029 2412 vehementior
3072 2341 3293 2410 non
3366 2311 3486 2411 de
3535 2339 3753 2407 uno
3802 2305 4039 2408 alte·-

976 2487 1260 2573 'rove
1301 2465 1541 2571 fidei
1587 2469 1898 2596 capite
1929 2453 2393 2569 'instituta
2454 2491 2593 2604 est
2639 2466 2754 2568 ab
2800 2467 2984 2568 illis
3049 2467 3491 2599 quaestio
3532 2540 3563 2587 ,
3608 2488 3725 2565 ut
3784 2464 4036 2564 olim

1007 2625 1128 2730 ab
1175 2623 1718 2731 Haereticis
1773 2619 1992 2727 fieri
2059 2626 2428 2731 solebat
2459 2702 2490 2749 ,
2559 2660 2927 2730 verum
3000 2652 3198 2730 tota
3244 2625 3723 2730 Ecclesiae
3796 2622 4039 2724 fides

1004 2807 1308 2916 atque
1373 2783 1822 2887 doctrina
1849 2859 1880 2906 ,
1924 2784 2327 2922 ipsaque
2390 2788 2787 2892 divinae
2829 2785 3373 2925 Religionis
3440 2817 3845 2888 summa
3924 2782 4037 2880 in

1004 2966 1514 3045 certamen
1561 2965 1917 3063 vocata
1965 2969 2160 3064 est,
2191 2967 2498 3078 atque
2571 2947 3119 3048 discrimen
3157 3019 3188 3066 ,
3231 2980 3338 3048 ac
3398 2942 3818 3046 falsitatis
3885 2971 4041 3040 ac·-

1009 3122 1340 3202 cusata
1371 3170 1404 3221 ,
1452 3123 1552 3202 et
1599 3099 2182 3234 reprehensa
2214 3175 2241 3204 .
2286 3103 2696 3208 Accedit
2764 3102 3095 3206 Patres
3150 3104 3593 3204 docuisse
3630 3175 3659 3222 ‚
3727 3130 4040 3200 sacros

1004 3257 1354 3362 Libros
1423 3291 1918 3395 magnum
1993 3257 2512 3390 quoddam
2582 3293 2848 3381 esse,
2907 3295 3017 3364 ac
3086 3293 3477 3390 semper
3537 3259 4033 3360 inexhau-

1002 3443 1282 3522 stum
1351 3419 1673 3520 veluti
1741 3419 2704 3558 armamentarium,
2732 3419 2904 3546 de
2926 3453 3185 3552 quo
3233 3420 3722 3546 aptissima
3794 3447 4037 3517 con-

1000 3597 1148 3679 tra
1205 3576 1618 3710 quosvis
1683 3609 2575 3758 quorumcunque
2616 3603 3199 3760 temporum
3255 3578 3796 3714 Religionis
3856 3576 4036 3676 ho-

1004 3757 1195 3836 stes
1256 3737 1841 3862 depromere
1898 3768 2170 3838 arma
2214 3712 2798 3865 possimus.
2847 3763 2965 3838 ut
3028 3739 3482 3840 videatur
3549 3769 3767 3838 non
3841 3763 4037 3834 esse

1017 3893 1696 3996 dubitandum
1731 3967 1763 4017 ‚
1836 3897 2092 4028 quin
2173 3898 2435 3999 illius
2503 3898 2943 4025 praesidii
3024 3899 3301 4032 quod
3370 3931 3425 3998 a
3494 3893 4055 4028 majoribus.

1015 4052 1378 4154 nostris
1478 4076 1820 4156 contra
1890 4055 2465 4160 Haereticos
2554 4091 2611 4160 e
2704 4057 3072 4159 divinis
3140 4053 3798 4184 Scriptoribus
3885 4080 4039 4151 ac-

1013 4235 1426 4338 ceptum
1498 4235 1705 4333 est,
1773 4213 2095 4318 simile
2159 4214 2450 4316 nobis
2532 4215 2989 4342 poIIIceri
3044 4215 3242 4318 hoc
3330 4239 3849 4342 tempore,
3928 4244 4038 4312 ac

1021 4394 1366 4473 contra
1437 4401 1769 4475 novos
1845 4371 2170 4478 hostes
2244 4373 2825 4492 Incredulos
2897 4377 3194 4478 novis
3264 4409 3439 4506 per
3508 4357 4069 4490 vetustississ

931 4523 939 4530 ’
985 4525 1274 4635 imos·
1301 4522 1665 4634 ‘sacrae‘
1714 4519 2226 4636 doctri-'riae
2267 4515 2830 4640 :Aut-tore&
2856 4507 3505 4675 afguffiehtisl
3545 4541 3681 4638 ets
3685 4582 3697 4605 ’
3721 4529 4039 4638 ‘avinis

991 4681 1372 4793 ansani
1399 4683 1441 4812 ‘,
1488 4681 2313 4828 firmissimeque
2354 4675 3441 4802 mttffireazibeamoesw
3494 4711 3617 4788 τι
3667 4702 3721 4768 ·¹
3802 4707 4008 4802 ως*

1296 4845 1516 4954 Hac
1572 4846 1900 4951 fretus·
1941 4875 2109 4978 spe
2144 4925 2175 4972 ,
2216 4842 2799 4958 Beatissiln'e
2857 4839 3207 4979 Pater‘‚
3278 4837 3609 4990 q‘uu'm
3647 4837 4041 4954 -iutelli-

975 5003 1356 5148 agerem
1391 5081 1426 5136 ‚
1521 5001 1948 5117 nullum*
1978 4999 2269 5118 sessel
2290 5013 2957 5190 {eiiptomme
2984 4995 3331 5155 genus!
3363 4993 4042 5152 quoffllnc‘ra-
