4500 6184
1144 459 1325 548 206
1936 485 2040 542 ms
2100 457 2382 544 Cauca
2448 448 3032 544 VATmINIUM
3083 462 3170 548 V.

1029 591 1313 686 cerum
1392 595 1729 722 Cyprus
1784 598 1969 714 ficit
2006 601 2318 716 frutex
2405 603 2612 687 inter
2668 596 2901 685 vites
2983 629 3401 712 crescens;
3467 602 3802 688 etaliis'
3855 605 4080 690 aliud

1030 761 1207 855 est,
1292 769 1645 858 quorum
1706 745 1902 857 quid
1962 748 2280 856 proprie
2343 745 2503 855 sit,
2569 743 2781 828 nihil
2849 740 3188 837 interest
3241 771 3532 852 nosse,
3609 771 3872 857 quum
3940 775 4082 830 sa·-

1035 888 1139 974 tis
1194 887 1299 969 sit
1358 885 2053 999 hoc‘scire-quod
2116 886 2464 999 'planum
2525 900 2690 992 est⁷
2751 882 3085 998 aliquid·
3128 873 3682 1000 gratissimum
3743 898 3824 966 et
3880 915 4080 972 sua..

1026 1028 1470 1112 vissimum
1556 1027 1804 1112 fuisse
1848 1089 1875 1140 7
1938 1005 2057 1108 *in
2124 1004 2410 1134 ‘tineis
2499 1021 2956 1108 Hen-Gedi
3005 1009 3014 1018 ’
3055 1027 3482 1138 praecipue
3564 1052 3912 1115 nascens
3997 1047 4080 1120 et

1033 1173 1305 1275 virens
1342 1230 1363 1253 .
1658 1263 1669 1274 ,
2885 1173 2890 1178 ’
3463 1163 3471 1170 ’
3735 1250 3743 1258 .

1142 1309 1311 1398 Dil.
1408 1308 1513 1398 15
1598 1305 1819 1398 Ecce
1878 1323 1969 1394 tu
2008 1311 2402 1422 formosa
2459 1337 2545 1395 es
2580 1374 2607 1420 ‚
2667 1299 2943 1395 amica
3001 1338 3246 1424 mea,
3293 1316 3495 1400 'ecce
3555 1321 3643 1396 tu
3681 1306 4076 1426 famosa

1329 1455 1533 1540 'esl
1612 1443 1851 1543 Oculi
1908 1457 2035 1542 tui
2089 1458 2262 1539 vim
2305 1453 2704 1568 faciunt!
3125 1433 3146 1456 ’

1264 1595 1503 1682 Oculi
1548 1595 1673 1680 tui
1740 1599 1917 1682 vim
1942 1595 2286 1712 seiciunt
2316 1663 2341 1712 7
2417 1597 2794 1684 hebraice
2880 1597 3042 1694 0235*
3093 1599 3270 1702 '³³2'ss
3311 1664 3332 1704 ,
3382 1597 3724 1682 hcnc'zich
3760 1595 4068 1710 sonim,

1025 1771 1278 1857 quarn
1336 1758 1847 1852 postremam
1906 1775 2191 1828 vocem
2250 1774 2535 1828 omnes
2579 1747 2820 1827 video
2883 1751 3457 1856 interpretatos
3523 1772 3693 1826 esse
3755 1746 4071 1827 colum-

1020 1894 1176 1974 bas
1216 1947 1235 1968 .
1283 1881 1699 2000 Ambigua
1762 1887 1990 1970 enim
2052 1903 2225 1996 est,
2275 1915 2536 1998 quum
2597 1889 2854 1997 possit
2912 1917 3082 1969 esse
3150 1886 3462 1996 plurale
3528 1915 3832 1966 nowen
3897 1901 4070 1968 tam

1022 2027 1127 2111 ab
1208 2024 1349 2136 ῧξῡ
1395 2091 1419 2137 ,
1466 2027 1675 2130 jona
1710 2091 1733 2136 ‚
1798 2029 2179 2113 columba
2214 2094 2236 2139 ‚
2309 2059 2560 2143 quam
2621 2061 2668 2113 a
2716 2035 3152 2141 participio
3199 2031 3640 2141 praesentis
3685 2030 4077 2136 temporis

1020 2171 1160 2286 ngi’
1210 2183 1257 2285 ‚'
1280 2172 1551 2281 jona,
1595 2173 2065 2279 opprimens
2099 2237 2124 2282 ‚
2213 2175 2386 2262 vim
2465 2173 2880 2288 inferens,
2971 2191 3111 2258 aut
3158 2176 3496 2286 jaciens
3533 2233 3558 2278 ,
3615 2167 3716 2252 ab
3813 2173 4074 2254 radice

998 2329 1137 2430 ῆρζ
1220 2321 1393 2425 (1).
1458 2315 1686 2416 Mihi
1748 2321 2086 2430 quidem
2146 2319 2348 2402 haec
2410 2323 3072 2432 posterior'ratio
3129 2318 3392 2436 magis
3456 2317 3816 2424 arridet,
3867 2345 4102 2428 quae⁸
4166 2434 4173 2441 θ

1022 2466 1539 2552 sententiam
1600 2458 1847 2546 habet
1891 2462 2127 2548 valde
2172 2468 2680 2574 perspicuam
2717 2527 2740 2574 ‚
2789 2495 3088 2576 nempe
3147 2479 3470 2550 tantam
3517 2491 3686 2551 esse
3733 2459 4075 2542 Sulam-

1020 2606 1335 2690 mithae
1406 2632 1597 2718 erga
1673 2602 2095 2684 Dilectum
2182 2607 2608 2688 caritatem
2654 2667 2677 2713 ‚
2765 2621 2860 2688 ut
2949 2607 3018 2688 is
3103 2635 3284 2688 eam
3359 2635 3534 2690 non
3607 2605 4066 2715 plurimum

1022 2777 1298 2834 amare
1364 2761 1772 2860 nequeat.
1837 2745 2148 2829 Caritas
2196 2748 2426 2828 enim
2483 2750 2653 2832 vim
2703 2748 2881 2830 Deo
2943 2750 3184 2858 facit,
3245 2751 3382 2862 qui
3447 2751 3709 2830 odisse
3771 2777 4068 2830 aman·-

1018 2907 1193 2974 tem
1254 2891 1592 3004 nequit.
1645 2884 1802 2970 Sed
1862 2915 2123 3001 quum
2187 2901 2636 3000 utrumque
2695 2885 2989 2974 haheat
3031 2891 3354 2977 Textus
3413 2919 3752 2976 sensum
3785 2955 3810 3004 ‚
3877 2891 4066 2978 lau-

1023 3030 1232 3115 dabo
1290 3037 1435 3146 qui
1498 3049 1945 3144 utrumque
2002 3027 2346 3142 probet.

1140 3173 1312 3260 Sul.
1410 3175 1514 3258 16
1598 3169 1821 3257 Ecce
1877 3185 1964 3252 tu
2030 3169 2466 3283 formosus
2524 3200 2672 3282 ες,
2745 3168 3066 3263 Dilecta
3131 3177 3303 3288 mi,
3365 3190 3614 3290 atquc
3697 3174 4057 3262 suavis!

1218 3311 1225 3318 ’
1370 3318 1673 3404 Lectus
1728 3344 2057 3430 quoque
2124 3331 2404 3401 noster
2471 3320 2750 3400 virens
2827 3319 3008 3402 est!
3090 3317 3370 3434 Tigna
3426 3291 3857 3404 domorum
3913 3348 4064 3404 no-

1368 3475 1728 3546 strarum
1790 3456 2125 3544 cedrina
2182 3479 2434 3570 sunt,
2494 3464 2924 3575 laquearia
2983 3464 3536 3577 cypressina!

988 3689 1005 3712 .-
1248 3601 1554 3691 Lectus
1610 3628 1935 3716 quoque
1992 3615 2268 3685 noster·
2321 3603 2599 3686 virens
2661 3617 2783 3688 est
2820 3665 2838 3684 .
2887 3601 3215 3715 Ep'ocha
3275 3605 3829 3691 conversionis
3881 3600 4057 3688 He·-

1018 3749 1457 3834 hraeorum
1528 3759 1652 3828 est
1710 3744 2013 3854 epocha
2070 3740 2597 3850 Nuptiarum
2657 3741 2898 3860 Agni
2927 3805 2951 3851 ,
3021 3746 3120 3828 de
3179 3743 3476 3858 quibus
3531 3746 3903 3833 Joannes
3969 3748 4062 3836 in

930 3951 935 3956 -
1020 3888 1511 4006 Apocalypsi
1570 3888 1771 3971 haec
1828 3889 2278 3971 memoriae
2336 3889 2812 3973 mandavit.
2873 3861 3210 3970 Audivi
3249 3890 3500 4000 quasi
3543 3917 3828 3975 vocem
3873 3903 4056 3972 tur·-

1014 4035 1170 4117 bae
1224 4057 1632 4146 magnae,
1693 4043 1771 4114 et
1831 4031 2051 4115 sicut
2104 4060 2394 4116 vocem
2451 4059 2863 4146 aquarum
2925 4032 3370 4116 multarum
3409 4098 3431 4143 ‚
3494 4045 3570 4116 ct
3629 4033 3847 4118 sicut
3895 4060 4055 4116 vao-

1014 4203 1188 4262 cem
1247 4175 1785 4261 tonitruorum
1848 4157 2333 4293 magnorum
2392 4175 2890 4262 dicentium:
2955 4173 3391 4276 Alleluja!
3461 4174 3854 4287 quoniam
3913 4202 4047 4256 re·-

1006 4319 1311 4433 gnavit
1367 4311 1773 4402 Dominus
1831 4312 2063 4402 Deus
2124 4331 2400 4401 noster
2467 4316 3031 4424 omnipotens!
3107 4311 3646 4398 Gaudeamus
3709 4341 3990 4398 omnes
4025 4371 4050 4422 ‚

1015 4473 1093 4563 ct
1150 4445 1669 4541 exsultemus
1717 4522 1741 4569 ‚
1826 4471 1903 4540 et
1958 4457 2247 4541 demus
2303 4459 2658 4570 gloriam
2731 4456 2859 4566 ci,
2933 4457 3134 4571 quia
3197 4469 3590 4540 venerunt
3664 4455 4054 4566 Nuptiae

1018 4599 1258 4712 Agni
1287 4659 1311 4706 ‚
1369 4613 1449 4678 ct
1519 4597 1758 4680 Uxor
1817 4597 1995 4702 ejus
2044 4601 2797 4710 praeparavit-se,
2870 4615 2950 4686 ct
3007 4601 3294 4686 clatum
3353 4615 3478 4686 est
3537 4601 3662 4683 illi
3720 4613 3812 4682 ut
3855 4627 4058 4684 coo-

1004 4739 1283 4855 periat
1334 4766 1429 4864 se
1484 4739 1830 4854 byssino
1875 4739 2389 4854 splendenti,
2433 4755 2512 4828 et
2567 4739 2916 4832 candido
2955 4805 2974 4828 .
3019 4741 3480 4860 Byssinum
3529 4743 3740 4830 enim
3787 4739 4055 4850 justi-

1108 5073 1197 5155 (ι)
1248 5069 1547 5133 Montald.
1595 5087 1735 5155 pag·
1786 5085 1937 5150 453.
