4500 6184
902 636 1518 863 ΠΕ
1626 630 3048 863 CRUCE

552 971 2774 1291 νᾼΤΙοΙΝΙυΜ
2892 976 3260 1295 ΙΧ

1315 1264 1983 1369 ῬὲΛιΜόε
2067 1272 2585 1369 CXXVII.

953 1473 1094 1621 I'n
1154 1536 1373 1650 quo
1436 1506 1730 1620 Crux
1782 1442 2151 1615 semel
2166 1498 2696 1617 nominata
2757 1524 2906 1615 est
2933 1569 2967 1615 .-

1308 2056 2645 2193 ΑΒεΠΜΕΝΤυΜ,

438 2245 881 2459 Psalmo
950 2386 1278 2445 summa
1320 2351 1839 2441 celebrantur
1898 2344 2304 2439 beneficia
2359 2344 2761 2435 divinitus
2812 2344 3224 2442 Ecclesiae
3299 2348 3480 2441 θοι...

433 2500 609 2589 lata
678 2530 841 2617 quo
906 2516 1273 2613 tempore
1350 2496 1768 2583 saeviebat
1827 2494 2382 2580 Antichristus
2418 2557 2437 2578 .
2521 2494 2760 2578 Nam
2815 2492 3231 2584 Ecclesiae
3301 2514 3492 2613 post

439 2644 1045 2737 Antichristum
1128 2642 1813 2725 instaurationem
1846 2699 1870 2746 ,
1954 2639 2490 2751 ejusdemque
2519 2702 2546 2748 ,
2627 2649 3024 2754 regnante
3087 2638 3228 2725 illa
3299 2637 3487 2725 bel-

440 2784 639 2899 lua,
696 2787 1099 2896 tutelam,
1158 2816 1357 2899 opus
1422 2812 1607 2871 esse·
1654 2786 1905 2869 solius
1972 2782 2185 2892 Dei,
2250 2808 2432 2865 non
2483 2776 2922 2889 cujuslibet
2991 2776 3490 2899 hominum,

422 2954 629 3013 non
686 2932 1056 3045 ipsorum
1094 2925 1503 3011 Ecclesiae
1546 2922 2057 3011 Custodum
2119 2926 2294 3007 Hos
2351 2950 2674 3039 sperare
2723 2921 2966 3011 nullo
3019 2928 3277 3014 modo
3328 2956 3486 3039 po-

438 3046 757 3184 tuisse,
833 3072 1011 3156 sese
1068 3082 1247 3151 tam
1300 3070 1463 3152 cito
1517 3080 2023 3153 surrecturos
2082 3061 2181 3151 de
2263 3074 2483 3151 statu
2559 3062 2652 3150 in
2719 3090 2882 3183 quo
2957 3084 3196 3155 erant
3255 3077 3485 3180 post-

446 3242 706 3328 quam
776 3224 1229 3329 regnarunt
1288 3208 1856 3295 Destructores
1910 3220 2482 3323 voratoresque
2539 3202 3097 3295 Eucharistici
3159 3209 3414 3295 Panis
3459 3263 3493 3319 ,

460 3356 743 3466 Idola3
802 3382 1099 3463 nempe
1159 3351 1249 3433 hi
1306 3355 1455 3464 qui
1512 3350 1671 3435 sibi
1732 3381 1833 3437 eo
1884 3364 2258 3463 tempore
2299 3348 2622 3471 divinos
2677 3346 3496 3467 arrogarunthono-

434 3526 583 3583 “res
617 3562 641 3609 ,
720 3492 1117 3579 Diabolus
1152 3556 1177 3603 ,
1262 3504 1341 3576 et
1400 3490 1950 3579 Antichristus
1984 3554 2011 3577 2
2078 3492 2496 3604 Crucem,
2581 3496 2748 3577 nisi
2810 3496 3238 3580 Dominus
3326 3490 3494 3605 ipse

414 3632 905 3723 'Ecclesiam
945 3662 1185 3719 suam
1242 3646 1555 3719 tutatus
1604 3644 1861 3745 esset,
1908 3630 2256 3721 omnino
2315 3636 2752 3719 inte-ritum
2793 3636 3246 3721 allaturam
3287 3626 3497 3719 fuis-

450 3806 539 3862 se
602 3780 925 3865 Dilecto
986 3778 1335 3864 Domini
1390 3774 1590 3865 Jesu
1648 3777 1974 3865 Christo
2004 3839 2033 3887 ,
2112 3776 2366 3889 ipsius
2421 3777 2734 3863 scilicet
2832 3781 3204 3891 corpori,
3279 3772 3500 3893 quod

455 3938 577 4006 est
630 3918 990 4009 Ecclesia
1027 3979 1049 4003 .
1113 3919 1559 4004 Patrocinii
1616 3930 1795 4004 tam
1852 3916 2199 4033 insignis
2230 3982 2254 4027 ,
2319 3928 2494 4002 tam
2555 3943 2850 4004 omnes
2919 3921 3130 4005 vires
3193 3912 3499 4003 huma-

456 4088 607 4147 nas
664 4068 1117 4178 superantis
1168 4076 1758 4179 'argumentum
1816 4064 2069 4146 etiam
2128 4085 2300 4147 esse
2357 4061 2866 4174 praeclarum
2909 4056 3492 4152 admirabilem

456 4206 805 4316 gratiam
864 4206 1049 4288 filiis
1132 4202 1533 4288 tributam
1618 4230 1903 4289 eorum
1964 4204 2103 4315 qui
2192 4212 2386 4287 'cum
2423 4200 2949 4302 „Antichristo
3011 4204 3342 4290 excussi·
3406 4214 3490 4290 et

460 4346 707 4430 excisi
760 4364 1008 4431 sunt.
1070 4342 1229 4431 Eos
1294 4353 1522 4431 enim
1580 4378 1754 4433 non
1837 4348 2083 4431 modo
2154 4348 2258 4433 ad
2312 4342 2767 4431 Ecclesiam
2827 4344 2992 4429 Dei
3049 4343 3489 4431 convolas-

458 4514 604 4601 se,
662 4513 959 4574 verum
1020 4490 1271 4573 etiam
1340 4518 1511 4573 esse
1572 4492 1985 4573 mereedies
2048 4481 2231 4571 Filii
2291 4482 2452 4572 Dei
2505 4479 2706 4571 Jesu
2775 4480 3084 4573 Christi
3159 4476 3264 4572 ab
3326 4481 3498 4599 ipso

460 4634 937 4738 promeritas
978 4631 1429 4715 elocatione
1491 4659 1776 4744 operae
1820 4654 2070 4747 quam
2130 4629 2219 4713 in
2265 4624 2528 4715 Patris
2571 4632 2910 4716 vineam
2945 4693 2968 4740 ,
3042 4622 3500 4713 Ecclesiam

460 4768 777 4881 ipsam,
863 4777 1210 4877 contulit
1257 4837 1277 4859 .
1364 4770 1597 4863 Nam
1678 4801 1970 4863 eorum
2050 4765 2792 4887 praedicationibus
2875 4774 2994 4855 ita
3077 4765 3492 4882 prosterni

468 4930 863 5028 quotquot
942 4918 1209 4999 adhuc
1268 4914 1785 5003 Christianae
1869 4918 2407 5002 adversantur
2494 4917 2929 5031 religioni,
3019 4929 3115 4995 ut
3175 4910 3496 5027 sagittis

460 5061 777 5141 strenui
866 5058 1445 5173 fortissimique
1502 5062 1653 5143 viri
1712 5068 2350 5171 prosternuntur
2405 5058 2678 5141 hostes
2769 5059 2860 5141 in
2917 5050 3193 5165 hello;
3277 5052 3497 5163 jam-

1928 5230 1984 5284 α
2040 5228 2097 5285 α
2154 5229 2206 5284 α
2270 5228 2328 5284 2
