4500 6184
1158 432 1329 538 154
1911 457 2017 514 m
2076 427 2362 514 Cauca
2417 427 2974 515 erxcmnm
3031 423 3070 514 1
3079 429 3173 515 V.

1046 628 1055 638 -
1139 619 1147 654 :
1268 573 1403 664 Ite
1454 574 1534 660 ἰιι
1566 569 1871 687 jocum
1910 571 2125 687 ignis
2183 574 2505 684 vestri,
2562 587 2643 658 et
2698 575 2778 656 in
2821 567 3232 662 scintillas
3289 603 3506 692 quas
3553 578 4028 674 incendis-tis
4054 645 4074 668 .

1037 725 1385 814 Veteres
1436 746 1567 812 nm
1620 717 2006 802 ridentur
2059 715 2645 824 pronunciasse
2701 727 2836 808 ain
2871 779 2898 826 ,
2965 745 3061 801 or
3091 781 3114 828 ,
3189 719 3351 804 lua:
3383 783 3407 830 ‚
3467 721 3738 806 lumen
3778 757 3803 833 3
3851 728 4072 840 quod

1032 893 1265 959 nunc
1314 863 1745 974 'scriptum
1820 876 1944 944 est
2008 885 2143 954 ῆικ
2182 923 2207 968 ,
2315 887 2472 970 ur,
2541 862 2753 974 ignis
2789 925 2814 972 ‚
2861 858 3120 972 focus
3187 865 3304 969 (1)
3357 923 3376 946 .
3449 862 3822 949 Praefixa
3879 895 4076 952 vero

1031 1011 1265 1094 litera
1306 1001 1515 1089 Beth
1558 997 2007 1086 Praeterea
2048 1001 2471 1118 significat
2511 1005 2668 1111 ad‚‘
2713 1003 2860 1115 in,
2920 1018 3110 1088 cum
3167 1010 3730 1118 accusativo,
3791 1022 4078 1095 notat-

1030 1179 1193 1266 que
1250 1145 1391 1233 vel
1444 1172 1793 1233 causam
1820 1145 2241 1266 finalem,
2299 1147 2442 1230 vel
2493 1159 2806 1232 motum
2842 1145 2982 1230 ad
3034 1148 3310 1234 locum
3375 1155 3552 1258 (2).

1266 1289 1471 1374 Ad
1465 1283 1879 1373 Dolorem
1948 1285 2606 1374 ‹liu-enbabitis.
2679 1287 2960 1372 Litera
3031 1317 3353 1405 quoque
3423 1289 3745 1376 Lamed
3801 1293 4080 1384 Prae-

1024 1435 1481 1549 positiones
1538 1433 1833 1516 varias
1886 1457 2043 1542 pro
2088 1430 2668 1516 construtionis
2723 1427 3210 1514 diversitate
3249 1435 3700 1543 exprimit:
3772 1464 3834 1522 1
3901 1437 4076 1555 Ad,

1028 1579 1177 1664 vel
1232 1580 1325 1660 in
1378 1603 1567 1661 cum
1628 1575 2125 1660 accusativo
2194 1573 2310 1680 (Ξ)
2349 1633 2370 1654 .
2445 1569 2663 1656 Nun
2733 1599 2932 1654 vero
3003 1578 3585 1691 paragogicum
3655 1597 3900 1697 auget
3956 1588 4074 1668 si-

1033 1721 1653 1836 gnificationem
1688 1781 1712 1829 ‚
1762 1720 1981 1834 quod
2024 1733 2573 1834 augmentum
2613 1715 2960 1798 refertur
3002 1719 3106 1802 ad
3149 1733 3470 1830 tempus
3499 1781 3519 1800 .
3561 1719 3804 1806 Licet
3843 1728 4074 1814 enim

1030 1861 1329 1949 sudaei
1403 1889 1708 1976 negare
1778 1859 1943 1942 nisi
2014 1887 2346 1942 summa
2419 1884 2613 1941 cum
2681 1857 3022 1967 perfidia
3091 1887 3272 1942 non
3351 1865 3670 1973 possint
3749 1871 4072 1956 venisse

1033 2008 1487 2121 Messiam,
1520 2019 1807 2085 tamen
1852 2003 2085 2083 c‘aeca
2132 1999 2349 2082 illius
2397 1999 2955 2108 expectatione
2999 2005 3378 2108 consumi
3421 2005 3790 2115 malunt,
3825 2039 4075 2123 quam

1026 2147 1408 2233 confiteri
1443 2205 1463 2226 .
1539 2139 2099 2252 Quamobrem
2178 2145 2432 2226 etiam
2505 2143 2924 2226 diuturna·
2979 2148 3540 2255 expectatione
3612 2149 4068 2266 defatigatis

1029 2292 1483 2404 justissima
1544 2272 1922 2398 perfidiae
1969 2315 2227 2396 poena
2287 2289 2780 2399 proponitur
2836 2288 2938 2370 ha
2957 2317 3046 2370 ec
3077 2353 3102 2400 ‚
3165 2317 3324 2402 qua
3365 2291 3508 2373 diu
3563 2293 3656 2372 in
3695 2291 3850 2373 hoo
3905 2293 4074 2374 mi-

1032 2435 1381 2522 serrimo
1426 2444 1703 2538 statu,
1764 2429 1857 2510 in
1912 2457 2074 2544 quo
2116 2429 2766 2540 pertinacissime
2807 2429 3114 2514 cubant
3151 2445 3234 2516 et
3271 2429 3741 2545 dormiunt,
3804 2434 4076 2520 adhue

1032 2578 1663 2690 relinquentur.
1780 2586 1785 2592 ’

1272 2717 1433 2802 Hic
1507 2745 1657 2834 ego
1726 2712 2412 2803 declarationibus
2483 2718 2727 2826 hujus
2794 2667 3472 2830 praestantissimi
3539 2717 3907 2802 vaticinii
3965 2718 4068 2798 fi-

1030 2884 1234 2948 nem
1292 2865 1717 2973 imponam
1750 2924 1775 2971 ‚
1840 2857 2137 2976 quibus
2194 2859 2570 2944 fianditus
2633 2886 3012 2944 eversum
3057 2887 3228 2944 esse
3285 2855 3636 2946 arbitror
3678 2861 4070 2974 quidquid

1030 3029 1085 3088 a
1139 3003 1471 3088 Judaeis
1540 3004 1761 3089 mala
1818 3005 1979 3090 fide
2035 3001 2766 3116 interpretantibus
2843 3003 3266 3086 detortum
3337 3016 3512 3111 est3
3591 3000 4070 3110 praesertim

1028 3169 1233 3228 'vero
1274 3145 1667 3255 ineptum
1722 3144 1926 3228 illud
1969 3161 2052 3228 et
2106 3141 2570 3228 miserabile
2613 3144 3051 3228 artificium
3081 3205 3106 3252 ‚
3171 3171 3334 3256 quo
3378 3141 3680 3226 Isaiam
3738 3171 3788 3226 a
3828 3167 4069 3225 versu

1036 3305 1331 3406 quarto
1364 3349 1389 3396 ‚
1446 3313 1623 3368 non
1684 3286 2151 3370 Dominum
2177 3349 2206 3396 ,
2257 3285 2742 3400 loquentem
2797 3286 3208 3368 inducunt
3239 3345 3260 3366 .
3319 3279 3628 3368 Iudaei
3687 3283 3848 3369 hoc
3914 3307 4066 3369 ca·-

1024 3429 1391 3542 pitulum
1418 3487 1445 3536 ‚
1512 3423 1790 3540 inquit
1850 3424 2422 3542 Hieronymus
2452 3489 2480 3537 ,
2550 3453 2610 3510 a
2674 3424 3234 3534 superioribus
3291 3437 3774 3535 separantes
3805 3488 3832 3534 ,
3905 3449 4066 3508 vo·

1030 3572 1216 3655 lunt
1270 3564 1393 3652 ad
1439 3558 1717 3659 Isaiae
1770 3563 2067 3680 resim-e
2112 3591 2556 3676 personam
2590 3626 2615 3676 ‚
2673 3561 2900 3677 quod
2952 3587 3044 3648 se
3095 3560 3324 3650 dicat
3375 3593 3430 3650 a
3487 3561 3842 3652 Domino
3911 3593 4062 3657 ac·-

1018 3715 1349 3824 'cepz‘sse
1401 3735 1850 3795 sermonem
1884 3768 1910 3817 ,
1978 3702 2388 3820 quomodo
2439 3707 2764 3790 lassum
2821 3717 3386 3822 errantemque
3444 3709 3852 3819 populum
3911 3737 4063 3796 su·-

1032 3864 1329 3936 stentet
1357 3915 1382 3962 ,
1432 3865 1524 3956 *et
1576 3861 1910 3934 revocet
1962 3847 2081 3934 ad
2128 3848 2486 3933 salutem
2537 3851 2654 3958 (4)
2693 3909 2712 3932 .
2771 3847 2893 3934 Ac
2933 3847 2984 3935 J
2989 3851 3438 3936 udaeorum
3481 3855 3816 3968 quidem
3874 3882 4062 3964 per-

1030 3993 1273 4078 fidiae
1326 3983 1783 4078 artificium
1865 4007 1989 4078 est
2064 3995 2828 4106 pernecessarium.
2919 3991 2982 4078 F
2983 3998 3186 4080 atem
3273 3999 3502 4080 enim
3577 4015 4060 4112 cogerentur

1038 4137 1257 4250 quod
1334 4135 2055 4221 vehementissime
2124 4153 2582 4250 respuunt,
2664 4137 2712 4221 J
2719 4166 2953 4223 esum
3037 4137 3461 4223 Christum
3545 4167 3717 4224 esse
3790 4144 4059 4252 ipsum

1036 4271 1320 4359 Deum
1363 4292 1445 4360 et
1486 4277 2008 4390 Dominum,
2052 4281 2126 4364 si
2168 4283 2714 4372 concederent
2751 4265 3012 4366 unam
3073 4311 3246 4367 esse
3289 4292 3532 4398 atque
3577 4285 4060 4366 continuam

1034 4417 1287 4499 unius
1344 4445 1739 4529 personae
1792 4423 2302 4506 orationem.
2369 4421 2606 4534 Quod
2657 4449 2768 4508 ne
2827 4423 3302 4537 fateantur,
3363 4426 3594 4513 illam
3655 4442 4060 4542 coguntur

1124 4779 1237 4861 ω·
1264 4777 1571 4845 Momald·
1618 4799 1758 4868 Pag-
1813 4765 1917 4858 ¹¹7·
2691 4791 2782 4872 (4)
2830 4751 3090 4854 Hieronss
3135 4789 3400 4858 Comm.
3441 4787 3506 4856 in
3550 4787 3690 4856 lsai.
3723 4785 3856 4853 Lib.
3875 4740 4052 4849 'xlv-

1070 4953 1077 4966 ‚
1122 4890 1218 4971 (a)
1266 4885 1447 4953 Idem
1492 4909 1637 4976 pag.
1680 4893 1791 4956 810'
2589 4893 2748 4982 Cap.
2777 4897 2846 4962 t..

1118 4999 1211 5081 (ς)
1257 4993 1439 5064 Hem
1480 5018 1627 5088 pag.
1654 5004 1797 5078 582.
