4500 6184
1237 469 1400 557 288
1995 492 2137 547 nr..
2162 464 2443 548 Canen
2500 435 3048 547 mmmmm
3106 458 3253 545 VI.

1100 610 1460 695 Psalmi
1509 608 1724 693 Illud
1783 609 2032 710 etiarn
2091 610 2394 718 optime
2453 606 3037 717 verissimeque
3096 604 3409 685 dictum
3470 612 3589 681 est
3621 657 3644 703 ,
3700 590 4145 715 ‚Psalmum

1105 780 1276 835 esse
1359 778 1586 833 mere
1650 750 2293 860 propheticum,
2370 754 2468 829 et
2550 746 2971 853 ejusdem
3005 743 3475 858 argumenti
3546 770 3638 823 ac
3702 740 4145 825 Canticum

1105 892 1690 975 Canticorum.
1775 888 2059 997 Nam,
2109 889 2355 1001 quod
2428 884 2558 969 vel
2634 885 2887 967 o'culis
2952 887 3139 995 ipsis
3204 911 3533 969 cernere
3594 881 3931 995 licebit,
4012 886 4143 969 hic

1105 1028 1480 1115 Psalmus
1516 1096 1542 1143 ,
1605 1045 1938 1142 excepto
1996 1032 2238 1115 titulo
2264 1066 2317 1140 ·,-
2360 1046 2441 1113 et
2498 1030 2918 1139 prooemio
2952 1088 2979 1135 ,
3066 1022 3495 1111 Canticum
3574 1040 3705 1110 est
3764 1022 4143 1113 Dilecta-

1102 1201 1340 1282 rum,
1421 1174 1574 1273 hoc
1655 1188 1777 1256 est
1849 1202 2135 1257 earum
2194 1176 2557 1283 ipsarum
2618 1170 3224 1280 Personarum,
3306 1200 3515 1283 quae
3572 1172 3667 1253 in
3724 1169 4071 1253 Cantico
4116 1256 4142 1305 ,

1110 1334 1426 1431 praeter
1471 1316 1892 1401 Dilectum
1937 1330 2018 1401 et
2061 1316 2725 1431 Praestigiatores
2760 1376 2787 1424 ,
2834 1313 3301 1397 afferuntur
3360 1317 3890 1427 in'scenam,
3936 1341 4144 1426 qua-

993 1480 1042 1509 ·
1113 1485 1300 1539 rum
1355 1460 1784 1573 praecipue
1845 1461 2100 1575 gratia
2159 1461 2659 1570 conscriptus
2725 1472 2909 1571 est,
2963 1470 3059 1539 ut
3118 1454 3527 1569 Ecclesiae
3587 1482 3839 1568 quae,
3896 1455 4148 1542 Anti-

1111 1601 1411 1686 christo
1461 1606 1878 1686 saeviente
1909 1665 1933 1709 ,
1995 1606 2093 1683 in
2151 1602 2495 1686 Deserto
2554 1596 3289 1683 commorabuntur
3320 1608 3367 1709 ,'
3408 1599 3563 1681 hoc
3622 1600 4144 1709 potissimum

1111 1746 1474 1827 carmine
1539 1744 1697 1825 Dei
1747 1742 2257 1856 Dominique
2316 1748 2579 1828 nostri
2637 1744 2835 1827 Jesu
2895 1742 3255 1827 Messiae
3314 1744 3755 1824 concinant
3819 1740 4143 1850 laudeS,

1115 1912 1304 1969 suas
1361 1887 1466 1967 ad
1525 1908 1734 1967 eum·
1775 1911 2048 1993 preces
2113 1886 2605 1995 effundant,
2684 1912 2777 1967 ac
2835 1890 3010 1969 sese
3069 1879 3548 1969 suavissime
3602 1896 3995 1967 ,recreent
4054 1910 4148 1965 ac

1123 2028 1655 2113 consolentur
1685 2083 1707 2107 .
2987 2131 2996 2140 ο
3402 2034 3409 2045 ’

1221 2171 1292 2255 3
1373 2164 1530 2251 Sed
1601 2194 1764 2279 quo
1849 2170 2176 2279 propius
2264 2174 2881 2285 argumentum·
2938 2171 3335 2282 inspicere
3404 2168 3818 2279 possimus
3866 2226 3895 2291 ,Ι
3980 2176 4148 2243 tota

1113 2304 1419 2392 Psa‘lmi
1477 2309 1836 2423 analysis
1895 2314 2174 2419 paucis
2229 2311 2713 2421 explicanda
2774 2326 2897 2394 est
2929 2342 2961 2394 .·
3016 2308 3233 2393 Sunt
3288 2312 3543 2425 igitur
3585 2308 3895 2393 Psalmi
3952 2335 4143 2419 par·-

1111 2464 1232 2531 tes
1293 2464 1454 2533 tres
1503 2479 1524 2531 ε
1585 2450 1979 2558 TituluS,
2046 2448 2639 2559 Prooemium,
2702 2450 3149 2544 Canticum
3209 2449 3777 2565 Dilectarum'.

1165 2588 1175 2599 '
1343 2590 1632 2675 Titulo
1691 2592 2265 2675 monstrantur
2321 2592 2476 2673 tria
2510 2653 2533 2698 ,
2566 2588 3012 2699 2Rrincipio
3072 2592 3139 2673 is
3216 2594 3353 2673 cui
3413 2588 3788 2673 Psalmus
3848 2591 4140 2673 inscri-

1105 2732 1384 2845 bitur,
1448 2730 1587 2844 qui
1625 2720 2070 2819 Dominus
2145 2730 2428 2810 noster
2482 2727 2722 2811 Je's‘us
2772 2728 3159 2815 *Christus
3236 2744 3408 2813 est.
3488 2728 3723 2815 Nam
3802 2732 3871 2812 is
3926 2759 4137 2813 unus

1111 2904 1462 2987 semper·
1501 2864 1610 2956 =in
1665 2872 1965 2967 titulis·
2013 2870 2537 2971 Psalmorum
2612 2870 2975 2957 Victoris
3038 2902 3187 2956 seu
3258 2868 3677 2956 Vincentis
3748 2872 4139 2981 nomine,

1114 3012 1487 3096 hebraice
1529 3010 2116 3097 'Lamnatze'ah
2153 3076 2178 3121 ,
2256 3026 2785 3123 nuncupatur
2819 3072 2838 3092 .
2916 3008 3447 3095 Recentiores
3509 3014 3739 3095 enim
3796 3014 3933 3124 qui
3994 3014 4141 3097 hac

1115 3150 1463 3238 hebraea
1519 3182 1714 3237 voce
1758 3150 2331 3265 Praefectum,
2396 3181 2543 3235 seu
2583 3149 3209 3238 Praecentorcm
3258 3153 3694 3266 significari
3752 3169 4141 3235 autuma-

1115 3309 1366 3405 runt,
1415 3294 1566 3377 hoc
1622 3298 1748 3375 -es‘t
1810 3296 2086 3377 virum
2145 3298 2285 3407 qui
2343 3306 2485 3377 aut
2520 3292 2829 3375 'modos
2873 3276 3229 3375 musicos
3290 3293 3646 3402 faceret,
3693 3310 3834 3376 aut
3892 3294 4141 3377 choro

1113 3440 1564 3521 canentum
1623 3450 2023 3544 praeesset
2057 3485 2098 3543 ,-
2143 3434 2613 3549 longissime
2673 3462 2720 3515 a
2764 3431 3105 3515 veritate
3168 3429 3461 3517 abiisse
3522 3432 3981 3543 constabit,
4030 3438 4141 3518 si-

1111 3576 1440 3687 quando
1477 3576 1589 3659 'tle
1629 3576 2013 3661 om'nibus
2061 3576 2891 3689 Psalmorumtitulis
2935 3570 3335 3661 disserere·
3364 3579 3864 3689 poterimus-‚3
3930 3576 4143 3689 quod

1116 3720 1282 3803 fere
1343 3724 1512 3829 jam
1558 3738 1678 3803 est
1739 3718 2449 3831 desperandum..
2532 3726 2541 3735 ’
2782 3726 2793 3737 “
2926 3725 2937 3737 “
3018 3728 3029 3735 ’

1351 3856 1729 3943 Alterum
1791 3864 2005 3975 quod
2063 3863 2305 3948 titulo
2366 3812 2947 3971 monstratur,
2980 3862 3323 3946 Factum
3386 3877 3506 3946 est
3548 3860 3947 3971 Messiae,
3994 3888 4147 3943 cu·-

1108 3998 1240 4107 jus
1301 4000 1490 4083 facti
1551 4006 1972 4087 occasione
2035 4003 2411 4087 Psalmus
2472 4006 2591 4087 illi
2632 4004 3186 4115 jinscribitur.
3276 4006 3373 4091 Id
3454 4007 3765 4089 factum
3856 4008 4143 4119 (quod

1111 4136 1396 4254 probe·
1445 4143 1724 4227 velim·
1773 4146 2132 4261 legentes
2201 4150 2926 4253 animadvertant)
3022 4151 3183 4231 duo
3261 4146 3827 4259 complectitur
3856 4206 3879 4227 .
3961 4144 4139 4231 Pri-

1101 4314 1347 4369 mum
1421 4303 1542 4371 est
1600 4280 2023 4399 peculiaris
2081 4289 2234 4371 ‘illa
2295 4319 2485 4372 cura
2519 4350 2544 4398 ,
2634 4319 2879 4402 quam
2931 4290 3409 4374 'Dominum
3462 4289 3753 4374 Jesum
3810 4285 4149 4371 habitu-

1101 4458 1310 4511 rum·
1357 4454 1536 4510 esse
1596 4427 2052 4511 a·‘Ga'ntico
2111 4432 2471 4516 vidi-mus
2529 4437 3234 4519 sanctissimorum
3295 4440 3585 4518 eorum
3626 4428 4146 4515 Christiano-

1099 4599 1311 4654 rum
1371 4564 1874 4677 hominum,
1941 4572 2595 4683 quorum'fides,
2640 4574 3075 4686 patientia,
3138 4578 3595 4659 constantia
3634 4576 3743 4657 ‘in
3803 4572 4146 4655 atrocis·-

1107 4714 1318 4795 sima
1377 4709 1518 4796 illa
1570 4690 2067 4815 ‚Antichristi
2105 4682 2753 4830 ‚persequutione
2823 4720 3170 4827 mirifice
3244 4747 3419 4803 sese
3504 4718 3915 4829 prodent:
3995 4740 4147 4793 cu·-

1111 4853 1472 4958 jusmodi
1553 4856 1766 4939 viros
1829 4857 2561 4943 excellentissimae
2632 4859 3087 4944 sanctitatis
3166 4876 3211 4943 a
3281 4864 3529 4945 sacris
3597 4848 4147 4967 scriptoribus

1107 4996 1488 5119 appellari
1549 4994 1772 5081 Lilia
1803 5059 1828 5109 ,
1919 5000 2012 5085 in
2067 4996 2405 5084 Cantico
2466 5001 2669 5083 item
2753 5002 3441 5103 demonstratum,
3498 5018 3673 5107 est..
3758 4994 4150 5117 Alterum
