4500 6184
1273 475 2543 584 anzzdmatuult.
3186 493 3299 608 57

381 627 560 736 ejus
599 687 620 713 .
681 621 800 708 Et
860 622 1200 732 impleta
1250 637 1377 707 est
1418 622 1848 734 Scriptura
1903 651 2120 739 quae
2177 623 2438 740 dicit,
2496 625 2614 712 Et
2670 655 2859 717 eum
2919 633 3223 753 iniquis
3282 673 3423 732 re-

369 781 731 882 putatus
792 782 918 854 est
993 771 1112 876 (1)
1161 795 1183 850 ε
1259 772 1397 882 qui
1453 770 1860 852 nimirum
1925 785 2132 852 tunc
2197 771 2592 882 temporis
2655 801 2895 859 cruce
2964 781 3425 891 punieban-

381 925 590 1021 τως
677 925 778 998 ut
857 913 1142 1000 dicere·
1209 913 1594 998 omittam
1635 977 1661 1026 ,
1764 929 2138 1000 sumtum
2207 943 2399 1000 esse.
2448 916 2603 1000 hoc
2673 923 3247 1012 testimonium
3318 937 3426 1019 de

325 1173 332 1181 ε
381 1053 642 1142 Isaiae
709 1055 1100 1142 vaticinio
1128 1116 1159 1167 ,
1227 1058 1322 1142 in
1389 1083 1552 1170 quo
1609 1057 2005 1144 Truncus
2065 1087 2438 1172 expresse
2504 1066 2987 1152 nominatur
3016 1133 3049 1182 7
3100 1087 3199 1155 ut
3270 1077 3421 1159 de·-

329 1301 338 1311 ,
381 1201 771 1292 clarando
841 1201 1200 1286 secundo
1260 1203 1648 1285 vaticinio
1715 1201 2191 1288 videbimus
2215 1266 2236 1288 .
2306 1205 2530 1315 Quae
2590 1210 3191 1296 animadversio
3247 1233 3427 1300 non

343 1358 507 1462 ‚est
556 1343 902 1430 fortasse
970 1347 1460 1464 negligenda
1489 1410 1516 1458 ‚
1589 1351 1656 1431 si
1728 1349 2116 1434 afferatur
2186 1349 2291 1431 ad
2364 1375 2461 1432 ea
2529 1349 2877 1435 Domini
2948 1351 3196 1440 verba
3260 1355 3435 1448 Ju-

343 1471 628 1624 251,ssssoe
701 1485 1192 1602 alloquentis
1224 1554 1250 1602 ,
1308 1488 1814 1576 Scrutamini
1869 1489 2347 1602 Scripturas
2377 1553 2406 1601 ,
2470 1493 2685 1608 quia
2733 1521 2889 1579 vos
2941 1499 3269 1606 putatis
3336 1501 3429 1586 in

373 1621 592 1750 ipsis
636 1635 902 1742 vitum
950 1635 1249 1720 habere
1281 1697 1306 1746 ,
1352 1647 1432 1718 et
1475 1634 1668 1722 illu-e
1708 1648 1949 1744 sunt,
2012 1662 2227 1748 quae
2269 1635 2819 1718 testimonium
2852 1637 3283 1746 perhibent
3320 1641 3447 1729 de·

397 1761 538 1870 me
605 1779 726 1882 (2)
762 1839 784 1870 .
857 1775 1138 1896 Digna
1207 1793 1404 1864 sunt
1479 1807 1686 1892 quae
1745 1795 2056 1863 attente
2101 1779 2482 1896 legantur
2526 1811 2619 1865 ea
2649 1845 2676 1892 ,
2736 1808 2945 1894 quae
3002 1778 3441 1894 Philippus

387 1921 802 2012 Eunucho
861 1921 1299 2033 explicavit
1365 1920 1464 2002 de
1522 1921 1766 2002 tertio
1823 1949 2067 2032 supra
2123 1923 2911 2037 quinquagesimum
2974 1919 3246 2006 Isaiae·
3278 1922 3443 2008 Ca-

384 2071 558 2180 pite
589 2129 618 2179 ,
687 2083 770 2150 et
825 2045 920 2149 in
974 2059 1201 2146 Actis
1257 2058 1840 2173 Apostolorum
1923 2063 2281 2146 indicata
2349 2079 2552 2146 sunt
2624 2063 2748 2172 (Ξ).
2779 2124 2807 2146 .
2873 2059 3093 2148 Illud
3164 2063 3437 2178 Caput

387 2221 514 2291 est
575 2207 734 2290 hoc
787 2206 1064 2315 ipsum
1120 2205 1616 2302 vaticinium
1676 2207 1776 2289 de
1847 2203 2110 2290 Cruce
2139 2270 2170 2316 ‚
2240 2208 2463 2322 quod
2520 2235 2761 2291 nunc
2824 2233 3443 2320 commemora-

386 2350 734 2456 vimus,
809 2375 853 2431 e
925 2372 1082 2460 quo
1154 2341 1499 2428 Marcus
1568 2347 1865 2430 sumsit
1919 2348 2496 2431 testimonium
2528 2409 2558 2430 .
2613 2347 2830 2458 Quid
2854 2343 2907 2442 2
2954 2345 3237 2432 Patres
3268 2413 3295 2461 ,
3359 2361 3443 2432 et

385 2491 806 2606 Theologi
861 2515 1149 2571 nonne
1200 2487 1585 2572 unanimi
1647 2491 2076 2578 consensu,
2126 2488 2629 2576 confitentur
2659 2553 2687 2599 ,
2744 2488 2885 2573 illa
2946 2519 2991 2573 e
3048 2487 3381 2576 Psalmo
3411 2562 3444 2611 ⁷

305 2747 314 2756 ·
381 2634 814 2722 Foderunt
883 2658 1184 2718 munus
1269 2629 1498 2714 meas
1535 2693 1566 2736 ,
1633 2643 1712 2714 et
1769 2627 2030 2740 pedes
2095 2659 2323 2718 meos
2395 2629 2761 2716 Messiae
2826 2629 3445 2714 crucifixionem

387 2771 967 2888 praedixisse?
1029 2778 1148 2884 (4)
1185 2837 1206 2857 .
1297 2774 1726 2858 Praetereo
1787 2773 2099 2888 reliqua
2129 2803 2161 2857 :-
2212 2776 2417 2858 satis
2478 2775 2707 2857 enim
2766 2771 2964 2855 haec
3026 2801 3195 2856 esse
3252 2799 3447 2882 pos-

387 2937 590 3022 sunt
619 2987 644 3033 ,
718 2935 818 3004 ut
889 2947 1182 3004 omnes
1257 2919 1724 3036 intelligant
1753 2983 1786 3030 7
1837 2921 2007 3026 jam
2063 2917 2267 3001 inde
2312 2912 2417 3000 ab
2470 2913 2884 3000 Ecclesiae
2926 2911 3451 2998 Christianae

398 3067 638 3150 initio
695 3061 801 3147 ad
861 3061 1058 3151 haec
1102 3089 1362 3177 usque
1418 3075 1786 3176 tempora
1818 3126 1843 3172 ‚
1904 3061 2329 3173 complura
2372 3061 2473 3146 de
2512 3056 2872 3145 Messiae
2916 3055 3445 3141 crucifixione

395 3209 785 3295 vaticinia
845 3210 1173 3326 cognita
1218 3237 1446 3320 esse3
1521 3185 1992 3323 quanquam
2050 3235 2142 3292 ea
2171 3268 2198 3317 ,
2276 3233 2483 3318 quae
2540 3201 2895 3286 Crucem
2950 3199 3217 3311 ipsam
3280 3224 3443 3279 no·-

399 3351 732 3436 minant
807 3381 1190 3464 expresse
1219 3419 1246 3466 ,
1315 3383 1544 3439 nunc
1599 3355 1966 3470 primum
2019 3353 2118 3436 in
2169 3347 2447 3436 lucem
2486 3345 2937 3434 afferantur
2968 3401 2991 3426 .
3053 3337 3219 3427 Sed
3270 3339 3447 3448 jam

389 3495 500 3582 ad
567 3523 662 3584 ea
729 3497 1256 3586 veniendum
1329 3511 1452 3582 est
1481 3553 1512 3580 0

503 5126 602 5212 (ι)
649 5127 842 5193 Marc.
891 5123 1030 5192 XV.
1083 5139 1186 5202 η.
1237 5121 1344 5189 38ὲ
2064 5107 2155 5196 (3)
2211 5105 2343 5171 Act.
2384 5091 2565 5167 vm.

501 5239 596 5328 (ε)
642 5247 740 5320 so.
793 5241 870 5308 v.
918 5259 1024 5324 39·
2062 5223 2156 5303 (4³
2205 5215 2433 5283 esaim.
2475 5211 2649 5280 xxi.
2700 5225 2803 5288 ιγ.
