4500 6184
1129 453 1274 564 74
1957 474 2063 536 mi
2111 447 2391 534 Canen
2433 446 2986 536 ermmwm
3046 449 3153 538 Π.

1271 593 1492 710 Ergo
1548 592 1898 718 Messias
1931 659 1955 706 ,
2021 595 2158 679 ille
2238 609 2489 680 natus
2544 593 3053 684 Bethlehemi
3120 599 3326 714 puer
3349 664 3380 712 ⁷
3448 601 3627 688 Deo
3688 601 4075 692 intuente

1034 740 1234 854 quid
1291 736 1582 824 ,Iudaei
1641 739 1935 824 facturi
1989 743 2159 842 sint
2189 798 2215 848 ‚
2296 756 2601 830 crescet
2658 741 2878 826 inter
2934 770 3075 828 eos
3126 759 3225 829 ut
3280 747 3579 832 inutile
3650 748 4073 860 quoddam

1021 884 1530 999 virgultum,
1563 899 1658 969 ut
1699 897 1990 994 sponte
2035 883 2509 996 germinans
2552 884 2785 968 radix
2810 903 3205 970 'crescunt
3247 891 3337 971 in
3378 892 3605 974 arido
3650 891 4009 1006 quodam
4040 959 4067 1008 ‚

1037 1040 1120 1110 et
1163 1026 1492 1118 desento
1537 1027 1960 1142 sterilique
1997 1024 2173 1108 solo
2207 1087 2226 1112 .
2280 1023 2515 1112 ,Nam
2556 1040 2653 1110 ut
2696 1026 2909 1111 nihil
2948 1037 3207 1120 viride
3236 1099 3263 1146 7
3304 1050 3447 1121 aut
3487 1053 3875 1154 reget-um
3920 1037 4075 1122 cit*-

1031 1195 1228 1252 cum
1288 1167 1425 1252 illa
1482 1169 1639 1252 erit
1669 1223 1700 1279 7
1750 1187 1848 1254 ut
1904 1198 2153 1256 nemo
2229 1171 2397 1259 illa·
2425 1175 2731 1264 inviset
2761 1238 2797 1288 ,
2886 1201 3139 1260 nemo
3212 1180 3786 1264 circumfodiet
3817 1243 3842 1289 2
3908 1207 4073 1266 nc-

889 1426 896 1432 ,
1025 1339 1168 1394 mo
1255 1311 1416 1396 alet
1444 1374 1468 1420 ,
1529 1341 1781 1396 nemo
1855 1307 2150 1429 rigabit
2178 1379 2203 1426 ,
2267 1331 2447 1400 aut.
2478 1301 2753 1432 aliqno
2810 1320 3059 1402 modo
3088 1321 3331 1404 -colet
3362 1385 3385 1431 ‚
3450 1325 3785 1438 ipsaque
3872 1321 4065 1408 lan-

1021 1455 1412 1566 guent-ia5
1476 1471 1556 1540 et
1623 1459 1987 1544 siccitate
2027 1477 2369 1548 mortua
2420 1462 3019 1575 propemodum
3076 1455 3376 1578 crunt3
3434 1469 3556 1550 sic
3612 1493 3660 1550 a
3716 1451 4061 1552 Iudaeis

1021 1595 1226 1686 orba
1281 1603 1568 1686 omnia
1627 1603 1940 1688 circum
1995 1621 2291 1688 natum
2349 1603 2755 1693 Messiam
2811 1621 3055 1690 erunt
3087 1667 3112 1692 .
3860 1597 3869 1606 ’

1255 1738 1451 1827 Nec
1514 1741 1807 1856 sbrma
1904 1747 2072 1856 ipsi
2137 1751 2309 1832 -erit
2339 1811 2364 1858 ,
2448 1775 2596 1834 nec
2680 1745 2933 1834 decus
2965 1813 2997 1860 ‚‚
3092 1763 3189 1833 ut
3256 1777 3442 1835 eum
3514 1749 3984 1836 intueamur
4022 1817 4051 1865 ‚

909 1915 918 1926 ·
1013 1915 1164 1974 nec
1218 1887 1536 1996 species
1568 1948 1592 1995 ,
1651 1900 1746 1969 ut
1800 1915 1986 1971 eum
2045 1885 2603 1974 desideremus
2640 1949 2661 1972 .

1256 2029 1496 2114 Nihil
1567 2034 1876 2114 circum
1935 2037 2209 2145 ipsum
2265 2035 2603 2119 formosi
2634 2096 2661 2143 ,
2748 2035 2964 2117 nihil
3016 2036 3353 2150 magni,
3440 2033 3651 2116 nihil
3712 2033 3981 2114 d‘ecori
4014 2096 4041 2142 ,

1013 2174 1232 2260 nihil
1289 2178 1620 2292 grandis
1653 2239 1678 2286 ,
1737 2175 1951 2259 nihil
2003 2177 2423 2292 magnifici
2456 2235 2481 2284 ‚
2544 2173 2753 2258 nihil
2826 2177 3045 2287 quod
3100 2176 3373 2258 oculos
3434 2176 3876 2259 hominum
3936 2171 4041 2256 ad

1012 2349 1100 2402 se
1161 2334 1584 2403 convertat
1667 2347 1761 2400 ac
1843 2317 2115 2402 trahat
2169 2347 2216 2400 a
2276 2313 2517 2398 nohis
2564 2311 2963 2398 Hebraeis
3024 2316 3463 2430 afferetur3
3524 2335 3623 2402 ut
3679 2317 3807 2400 his
3870 2317 4041 2399 sal-—

955 2503 966 2512 ·
1011 2475 1187 2542 tem
1248 2459 1491 2546 rebus
1547 2478 1960 2549 commota
2025 2460 2472 2547 multitudo
2540 2473 2837 2545 natum
2892 2459 3244 2544 invisere
3271 2522 3296 2569 ‚
3358 2489 3457 2546 ac
3511 2461 3821 2546 intueri
3884 2459 4037 2540 de·-

1009 2603 1462 2688 sideremus
1499 2662 1521 2687 .

1247 2739 1498 2862 Regis
1530 2810 1556 2856 ‚
1619 2743 2147 2832 sacerdotum
2177 2809 2206 2857 ‚
2264 2748 2793 2858 virorumque
2834 2735 3298 2854 principum
3340 2743 3435 2823 in
3474 2743 3761 2852 primis
3810 2761 4031 2857 erat,

1007 2888 1078 2972 si
1137 2890 1672 2974 credidissent
1699 2953 1724 3000 ,
1786 2906 2082 2975 natum
2141 2883 2925 2975 Hominem-Deum
2980 2913 3141 3000 quo
3184 2915 3337 2998 par
3388 2901 3515 2971 est
3554 2886 3819 2970 colere
3880 2862 4036 2972 11οὲ-

1010 3064 1269 3143 nore3
1335 3030 1772 3146 allatisque
1829 3035 1933 3116 ad
1989 3059 2185 3116 eum
2241 3033 2665 3152 dignitatis
2748 3045 2843 3116 ct·
2910 3031 3351 3138 majestatis
3411 3015 3873 3146 insignibus
3919 3041 4035 3111 te·-

1005 3179 1207 3260 stari
1269 3175 1488 3287 apud
1541 3170 1842 3289 vulgus
1900 3177 2120 3261 illius
2179 3177 2720 3261 Divinitatem
2754 3237 2774 3258 .
2842 3173 2937 3260 Id
3006 3177 3078 3257 si
3136 3175 3515 3258 fecissent
3543 3236 3569 3282 ,
3630 3173 3812 3256 sine
3868 3170 4025 3252 du·-

1003 3309 1146 3399 bio
1201 3318 1586 3399 universa
1641 3315 2090 3405 multitudo
2151 3321 2669 3406 inflammata
2726 3321 3119 3406 desiderio
3180 3319 3398 3402 illius
3451 3314 3789 3399 videndi
3845 3337 4020 3392 non

1007 3459 1501 3544 cucurrisset
1532 3522 1557 3573 ‚
1615 3459 1760 3572 sed
1813 3460 2166 3546 volasset
2195 3523 2218 3544 .
2281 3459 2411 3546 Illi
2450 3462 2665 3546 nihil
2694 3525 2721 3573 ,
2778 3475 2928 3546 aut
2965 3465 3243 3547 omni-a
3286 3447 3569 3546 eontra
3608 3459 4024 3578 fecemnt5

1001 3599 1200 3688 haec
1258 3604 1476 3689 nihil
1537 3573 1856 3692 curav-ii

1237 3747 1462 3856 Quae
1521 3749 1810 3832 vocula
1869 3750 2082 3862 apud
2141 3741 2559 3834 Hebraeos
2610 3749 3019 3864 significat
3073 3761 3155 3832 et
3182 3809 3209 3860 ‚
3270 3749 3557 3832 eadem
3613 3746 4018 3866 significat

999 3884 1252 3972 etiam
1308 3901 1454 4000 nt,
1511 3891 1885 3975 maxime
1937 3905 2130 3975 ante
2165 3889 2476 4007 flatura
2550 3894 2724 4000 (1).

1099 4028 1172 4132 5
1252 4023 1717 4141 Despectus
1750 4095 1777 4142 ‚
1847 4029 2455 4148 destitutusque
2518 4029 2731 4115 viris
2792 4029 2999 4114 orit!

1227 4171 1434 4258 Inde
1495 4175 1884 4260 effectum
1938 4191 2062 4261 cst
2091 4241 2116 4288 ‚
2175 4192 2274 4261 ut
2326 4191 2573 4261 natus
2628 4171 2978 4260 Messias
3034 4201 3369 4260 summo
3424 4177 3807 4260 omnium
3846 4175 3899 4264 J
3903 4207 4007 4262 u-

989 4317 1381 4406 daeorum
1440 4334 1866 4405 contemtu
1921 4338 2303 4433 exceptus
2360 4323 2468 4404 sit
2500 4381 2527 4427 ,
2596 4318 2999 4434 planeque
3058 4323 3254 4408 viris
3311 4316 3697 4406 omnibus
3756 4317 4008 4401 fuerit
4070 4315 4081 4326 ’

989 4459 1483 4571 ιῐοεῒίωτῑιες
1565 4491 1892 4575 prorsus
1957 4482 2058 4550 'ut
2139 4465 2347 4549 illud
2396 4464 2849 4580 virgultum
2879 4529 2905 4576 ‚
2994 4466 3097 4550 de
3154 4491 3317 4581 quo
3386 4491 3631 4574 supra
3687 4459 4009 4543 dictum

987 4615 1169 4716 est,
1241 4609 1334 4688 in
1402 4608 1632 4689 arido
1663 4669 1688 4718 ,
1747 4623 1832 4692 et
1901 4610 2217 4694 deserto
2247 4675 2273 4721 ‚
2342 4604 2443 4693 'et
2509 4605 2765 4693 sterili
2803 4577 3145 4693 -natum'
3174 4608 3419 4717 solo,
3492 4607 3721 4714 juxta
3790 4597 4011 4718 quod

983 4745 1194 4830 nulli
1264 4747 1503 4831 flores
1535 4812 1558 4858 ‚
1622 4749 1896 4834 nullae
1954 4749 2250 4843 herbae
2282 4815 2309 4866 ‚
2380 4753 2611 4837 nulla
2680 4781 2789 4836 ne
2858 4753 3251 4838 vilissima
3326 4751 3659 4868 quidem
3702 4739 4010 4876 germiss

981 4911 1093 4972 na
1151 4893 1512 5004 conspici
1567 4911 1911 5004 possunt
1940 4957 1960 4978 .
2027 4895 2210 4982 Nec
2278 4926 2474 4984 vero
2539 4897 3056 5010 sperandum·
3113 4905 3287 5008 est,
3349 4897 3697 5006 decursu
3766 4871 3995 4976 aete-

964 5178 971 5187 ’
1070 5169 1160 5256 (ι)
1207 5169 1525 5237 Montaid.
1567 5173 1716 5240 Lex.
1757 5195 1908 5268 pag.
1954 5196 2140 5269 ης..
2185 5190 2248 5244 et
2292 5175 2513 5245 Critici
2554 5176 2791 5265 passim
2832 5175 2903 5245 in
2939 5175 3290 5266 synopi·-
