4500 6184
1263 452 1751 540 Isaura
1852 446 2634 539 CAPUT-LII.
3181 460 3354 578 529

396 594 951 711 impurissImo
1058 601 1403 711 imperio
1478 598 1759 711 futura
1792 658 1811 679 .
1852 594 2237 713 -Necesse
2299 614 2422 681 est
2489 598 2743 713 igitur
2811 616 2909 683 ut
2947 601 3467 687 ‚vaticinium

391 740 801 850 respiciat
856 754 1181 851 tempus
1238 755 1421 849 post
1480 736 2151 821 Antichristum:
2238 738 2337 821 de
2395 767 2560 851 qua
2633 740 2980 851 epocha·
3011 726 3465 855 quamplu-

391 881 611 1001 rima
706 882 1095 965 vaticinia
1166 882 1466 965 docent
1488 942 1520 990 ,
1594 878 2269 997 Hierosolymam
2339 908 2461 963 nu
2479 870 2827 993 nquam'
2869 882 3218 991 amplius
3287 894 3458 969 esse

408 1021 1149 1106 contaminandam
1180 1082 1205 1102 .
3007 1102 3012 1109 .

485 1184 585 1276 ⁸:22
664 1157 1011 1247 Excute
1068 1170 1148 1244 te
1202 1187 1259 1243 a
1307 1160 1725 1271 pulvere,
1794 1187 2043 1278 surge
2086 1222 2112 1273 ,
2189 1157 2380 1245 sede
2425 1224 2450 1271 ‚
2527 1158 3132 1277 Hierosolyma
3177 1152 3218 1249 :'
3273 1166 3457 1251 ‹lis-

754 1294 998 1386 solve
1052 1300 1401 1387 vincula
1452 1301 1652 1385 colli
1670 1301 1832 1385 .ταί
1860 1364 1886 1412 ,
1944 1302 2294 1414 captiva
2321 1300 2534 1415 filia
2589 1299 2924 1386 Sionis!
3065 1348 3084 1361 ·

455 1537 462 1544 ,
574 1504 579 1509 .
642 1440 1227 1553 Dormientem
1256 1504 1285 1549 ,
1364 1468 1515 1524 suo
1594 1436 1889 1523 robore
1974 1425 2450 1525 destitutam
2483 1506 2508 1553 ,
2624 1446 3007 1555 squalida
3091 1462 3459 1557 opertam

400 1584 635 1675 veste
664 1649 695 1699 ,
752 1588 1345 1671 incircumcisis
1400 1587 2019 1699 immundisque
2078 1582 2560 1669 hominibus
2616 1587 2998 1669 refertam
3029 1652 3054 1697 ,
3115 1590 3204 1671 in
3261 1591 3448 1700 pul-

328 1705 367 1730 ⁶
400 1756 603 1815 vere
655 1742 1198 1843 prostratam,
1260 1731 1570 1813 catenis
1636 1732 2001 1813 vinctam
2031 1792 2058 1838 ,
2120 1732 2528 1839 captivam
2587 1728 3266 1847 Hierosolymam
3321 1730 3448 1815 al·-

392 1870 765 1988 loquitur
818 1871 1223 1983 Propheta
1246 1937 1279 1983 ,
1354 1889 1451 1958 ut
1516 1904 1571 1957 a
1632 1871 2195 1985 superioribus
2224 1936 2251 1981 ,
2311 1850 2425 1955 et⁴
2453 1869 2560 1956 ab
2617 1874 2742 1956 his
2807 1869 3078 1957 verbis
3154 1888 3391 1983 patet-
3417 1936 3440 1963 .

388 2018 601 2128 Quis
682 2016 821 2099 ille
900 2040 1246 2101 somnus
1306 2017 1433 2097 sit
1462 2076 1487 2123 ,
1572 2042 1839 2126 nuper
1908 2014 2562 2125 explicavimus:
2643 2016 2788 2097 sed
2873 2017 3164 2098 omnia
3238 2017 3440 2102 haec

384 2160 891 2242 attendenda
946 2173 1143 2243 sunt
1200 2155 1631 2271 diligenter-
1658 2212 1680 2235 .
1744 2152 1995 2239 Nun.-
2029 2154 2127 2235 iis
2192 2182 2400 2268 quae
2459 2172 2936 2269 sequuntur
2990 2158 3430 2269 adjuncta,

382 2302 973 2413 permanifesto
1050 2300 1258 2384 illud
1338 2300 1559 2413 quod
1641 2298 1997 2380 diximus
2057 2297 2626 2380 demonstrant
2653 2359 2678 2407 ,
2755 2294 3250 2386 vaticinium
3311 2300 3456 2383 -ad

392 2414 1037 2525 Antichristiana
1090 2443 1502 2551 pertinere
1560 2454 1929 2550 tempora
1956 2499 1981 2521 .
2951 2450 2960 2467 “
3072 2432 3080 2437 ’

502 2582 566 2669 3
644 2580 787 2669 Sic
846 2584 1057 2665 enim
1119 2580 1343 2666 <lixit
1401 2578 1862 2667 Dominus:
1934 2572 2219 2666 Gratis
2281 2579 2600 2666 venditi
2647 2580 2851 2667 estis
2885 2579 3039 2695 ,et
3085 2608 3254 2667 non
3293 2608 3430 2668 re·-

508 2734 511 2738 ’
730 2722 1149 2809 dimemini
1208 2736 1542 2837 argento
1579 2784 1602 2804 .
1696 2810 1705 2819 ,
2220 2746 2227 2754 ·
3017 2807 3028 2819 ,
3081 2750 3088 2755 ·
3225 2718 3231 2726 ’

614 2860 907 2951 Gratis
971 2862 1290 2949 venditi
1341 2866 1541 2947 estis
1574 2928 1599 2976 ,
1662 2866 1871 2965 idest
1923 2865 2105 2949 sine
2138 2865 2334 2950 'ulia
2387 2882 2654 2951 vestra
2686 2930 2712 2978 ,
2772 2882 2918 2959 aut
2961 2868 3429 2979 cujuspiam

347 3008 733 3095 -utilitate
790 3009 879 3091 in
922 3007 1609 3120 hanc.indignam
1646 3003 2135 3090 Antichristi
2174 3006 2661 3091 servitutem
2705 3010 3100 3119 compulsi
3157 3014 3358 3095 'estis
3393 3070 3415 3093 .

361 3150 501 3237 Et
582 3178 741 3237 non
820 3148 1339 3237 redimemini
1416 3163 1813 3263 argento,
1898 3176 2055 3233 nee
2108 3151 2422 3231 vestris
2445 3148 2837 3261 scilicet,
2915 3178 3080 3233 nec
3126 3150 3420 3235 alienis

368 3288 675 3401 opibus
733 3287 836 3373 ab
898 3291 1050 3371 hac
1090 3306 1289 3373 'tam
1304 3291 1667 3405 indigna
1698 3291 2102 3451 servitute
2160 3284 2773 3492 liberabimini.
2799 3290 2992 3407 Ego
3055 3295 3224 3403 ipse
3279 3320 3418 3375 re-

364 3432 689 3516 dimam
748 3432 1145 3518 veniens·
2198 3486 2206 3493 ·
2254 3488 2260 3495 ·
2741 3484 2751 3494 ›
3267 3462 3278 3499 :
3325 3466 3362 3501 ·=

485 3576 549 3676 4
628 3572 871 3658 Nam
926 3574 1049 3657 sic
1100 3569 1329 3653 dixit
1384 3568 1735 3655 Adonai
1787 3566 2268 3655 Dominus:
2358 3568 2456 3654 In
2512 3572 3006 3687 Aegyptum
3063 3575 3414 3687 descern-

713 3710 843 3797 dit
900 3710 1283 3823 Populus
1366 3737 1603 3797 meus
1646 3712 1962 3824 initio,
2020 3725 2113 3795 ut
2166 3724 2630 3798 moraretur
2686 3715 2798 3797 ibi
2843 3746 2864 3799 :
2955 3733 3048 3801 at
3105 3722 3410 3829 Assy-

542 3919 589 3929 ..
659 3856 896 3938 mins
958 3856 1191 3937 illum
1251 3854 1427 3937 sine
1484 3879 1751 3940 causa
1808 3856 2204 3965 opprimit
2228 3896 2265 3940 .-
2355 3894 2375 3905 ⁶

606 3994 1047 4106 Comparat
1088 3996 1315 4077 Deus
1372 3996 1843 4077 vexationes
1896 4024 2097 4107 quas
2154 3992 2260 4081 ab
2299 3996 3026 4114 Aegyptiis-initio
3085 4004 3407 4093 habue-

361 4150 572 4222 runt
631 4134 1023 4218 Hebraei.
1072 4164 1265 4219 cum
1341 4137 1444 4220 iis
1530 4166 1729 4251 quas
1786 4135 1889 4220 ab
1948 4118 2454 4225 Antichristo
2509 4160 2690 4254 post
2759 4134 3080 4257 captam
3141 4149 3246 4231 ab
3279 4176 3402 4235 ‘eo

364 4279 1046 4396 Hierosolymam
1100 4296 1301 4361 sunt
1352 4278 1767 4393 habituri,
1812 4284 2101 4397 aitque
2152 4282 2662 4369 tolerabilem
2723 4290 3138 4399 quandam
3201 4316 3402 4374 cau-

352 4450 539 4509 sam
614 4424 799 4505 odio
883 4421 1421 4533 prosequendi
1506 4419 1925 4507 Hebraeos
1981 4421 2410 4543 Aegyptiis
2493 4428 2744 4513 fuisse
2779 4489 2805 4537 ,
2891 4426 3400 4518 Antichristo

351 4565 721 4648 nullam.
754 4563 1356 4649 Antichristum
1400 4568 1627 4649 enim
1670 4564 2178 4679 Prophetae,
2226 4598 2488 4682 quum
2547 4574 2646 4653 de
2704 4566 2946 4656 rebus
3007 4588 3188 4685 post
3249 4603 3390 4657 or·-

353 4720 539 4799 tum
598 4702 957 4792 Messiae
1024 4706 1323 4791 futuris
1381 4709 1986 4818 vaticinantur,
2064 4707 2534 4825 Assy-rium
2596 4716 3096 4825 nominant3
3179 4733 3274 4800 ut
3339 4750 3392 4804 a

352 4841 791 4933 Michaeae
851 4852 1108 4967 capite
1170 4853 1458 4963 quinto
1518 4848 2093 4965 planissimum
2168 4864 2342 4932 est·
2320 4914 2343 4961 ,
2407 4852 2622 4964 quod
2691 4854 2874 4938 vide
2935 4858 3024 4937 in
3079 4854 3390 4969 qu'lo-

356 4993 553 5107 gia.
612 4989 737 5078 Ac
790 4987 1215 5109 Aegyptiis
1284 4988 1794 5081 tolerabilem
1866 4996 2284 5108 quandam
2357 5024 2688 5081 causam
2747 4998 2939 5096 odii
2970 4990 3248 5085 fuisse
3289 5001 3385 5083 in

2038 5148 2074 5217 t
2126 5148 2165 5220 t
