4500 6184
1099 416 1462 517 CAR-3³10.
1499 426 1750 515 Scau.
1785 428 1936 515 111.
1973 428 2174 514 Cu.
2207 432 2313 518 V.
2360 420 2747 517 Dsscznl
3150 414 3327 519 '253

645 564 734 655 Si
815 569 1434 681 praedicatione·
1486 585 1752 655 vestra
1833 574 2305 656 invenietis
2337 570 2785 656 Dilectum'
2840 584 3129 653 meum
3217 574 3435 682 apud

410 708 752 827 gentiles
812 736 1038 793 meos
1069 772 1094 820 ‚
1155 711 1516 825 aliosque
1557 714 1773 822 apud
1825 738 2024 826 quos
2083 740 2233 828 ego
2277 714 2651 797 invenire
2696 742 2873 797 non
2930 716 3223 825 potui,
3268 742 3383 798 ne
3418 782 3445 831 ‚

415 876 774 961 quaes0‚
835 848 952 933 ibi
1013 854 1292 933 dicatis
1324 915 1350 963 ‚
1426 880 1564 933 me
1625 880 2148 963 percussam,
2220 854 2795 967 vulneratam,
2884 852 3227 969 indigne
3290 857 3445 941 ha·-

403 987 672 1077 bitam
729 989 834 1077 ab
879 988 1250 1077 hostibus
1291 988 1546 1103 ipsius
1605 994 1852 1075 fuisse
1873 988 1908 1102 ‘,
1953 1010 2048 1076 ut
2103 1022 2210 1081 ne
2253 996 2821 1079 deterreantur
2851 1055 2872 1079 .
2930 996 3113 1081 Hoc
3173 996 3449 1083 solum

397 1135 652 1219 dicite
680 1200 710 1246 ,
789 1166 926 1223 me
957 1198 983 1246 ‚
1073 1163 1284 1249 quae
1359 1138 1600 1223 antea
1671 1136 1926 1219 hostis
1981 1162 2214 1219 eram
2292 1137 2512 1220 illius
2584 1137 2909 1221 infensa
2964 1164 3143 1220 non
3200 1110 3437 1221 secus

399 1282 672 1398 atque
718 1282 868 1393 ipsi
899 1344 957 1392 ‚U
1007 1308 1240 1364 nunc
1315 1304 1652 1395 aegram
1731 1308 1902 1362 esse
1971 1282 2539 1395 magnitudine
2600 1282 2903 1365 amoris
2964 1309 3129 1393 quo
3200 1280 3445 1370 illum

283 1528 288 1535 Ι
397 1448 902 1539 prosequor;
961 1439 1060 1509 ut
1101 1422 1500 1536 ‘exemplo
1555 1451 1744 1507 meo
1797 1450 1972 1508 sese
2029 1424 2132 1508 ad
2199 1452 2395 1508 eum
2468 1438 2952 1508 convertant
2996 1488 3023 1535 ,
3098 1440 3179 1509 et
3252 1452 3451 1539 pro-

405 1587 751 1656 currant
795 1630 814 1651 .
2137 1558 2144 1565 ’

391 1754 400 1761 ·
528 1710 788 1797 Filiae
833 1710 1062 1797 Hiera
1105 1710 1513 1797 submissa
1553 1740 1754 1798 voce
1785 1774 1804 1797 .
1891 1740 1948 1827 9
2037 1708 2327 1823 Qualis
2392 1726 2512 1797 est
2556 1710 2935 1801 DZIecrus·
2990 1723 3186 1799 tuus
3237 1740 3450 1823 prae

762 1857 1128 1973 quolibet
1183 1828 1475 1943 dilecto
1511 1918 1538 1967 ,
1607 1884 1656 1941 o
1693 1854 2319 1983 formosissima
2390 1858 2823 1941 mulierum
2857 1850 2901 1936 ?
2978 1851 3263 1963 Qualis
3328 1871 3451 1939 est

753 1996 1132 2085 Dilectus
1175 2014 1370 2083 tuus
1420 2024 1636 2110 prae
1689 1993 2054 2111 quolibet
2103 1992 2459 2110 dilecto²
2518 1994 2623 2081 de
2679 2022 2841 2109 quo
2908 1996 3033 2081 sic
3091 2022 3243 2081 nos
3287 1996 3449 2081 ud-

745 2144 1066 2249 jurasti
1091 2140 1137 2227 ?
1223 2142 1228 2150 ’

645 2284 1074 2371 submissa
1116 2314 1344 2371 ‘voce
1419 2282 2056 2371 Sulammitham
2113 2282 2652 2395 alloquuntur
2724 2278 2973 2365 Filiae
3040 2278 3437 2366 Hieroso·-

395 2430 654 2515 Iimae
690 2494 716 2538 ,
777 2458 887 2511 ne
947 2426 1180 2511 illam
1239 2427 1600 2511 excitent
1630 2489 1653 2536 ,
1717 2426 1870 2509 hoc
1931 2438 2052 2509 est
2107 2421 2210 2507 ab
2274 2426 2531 2507 extasi
2592 2440 2978 2506 revocent
3010 2479 3035 2505 .

643 2568 934 2680 Qualis
993 2572 1086 2651 in
1141 2564 1532 2650 hebraico
1593 2580 1716 2649 est
1772 2564 1975 2678 quid
2004 2626 2029 2675 ,
2089 2580 2188 2648 ut
2242 2568 2495 2647 etiam
2570 2561 2784 2677 apud
2844 2555 3439 2679 'Septuaginta3

401 2716 556 2799 sed
609 2712 1022 2796 sententia
1099 2735 1428 2819 prorsus
1485 2707 1772 2789 eadem
1831 2720 1952 2789 est
1981 2767 2006 2815 ,
2097 2732 2349 2819 quam
2423 2708 2809 2789 omnium
2896 2708 3443 2817 interpretum

397 2855 720 2965 optime
777 2848 1357 2965 Hieronymus
1419 2850 1572 2931 hoc
1628 2850 1874 2952 modo
1935 2852 2329 2959 expressit
2360 2908 2381 2931 .

633 2989 1010 3079 Dilectus
1086 3018 1202 3075 ea:
1274 2992 1568 3078 dilecto
1606 3055 1629 3102 ‚
1695 3019 1856 3105 quo
1925 2993 2180 3075 modo
2251 2994 2503 3075 etiam
2563 2990 3095 3107 Septuaginta
3172 2990 3441 3072 inter-

387 3152 826 3251 pretantur
855 3200 880 3249 ,
939 3136 1302 3217 multum
1363 3130 1612 3217 habet
1671 3128 2190 3215 obscuritatis
2225 3193 2244 3213 .
2328 3132 2607 3241 Quum
2682 3130 3171 3244 praepositio
3232 3158 3441 3245 quae

385 3282 532 3367 hic
587 3280 802 3392 apud
866 3274 1282 3359 Hebraeos
1351 3290 1528 3383 est,
1605 3272 1870 3357 multa
1929 3273 2393 3386 significet,
2468 3302 2561 3355 ac
2620 3276 2703 3355 in
2760 3274 3131 3362 οναίἰσηε
3203 3300 3445 3398 θριπ-

377 3420 795 3535 putativa
837 3416 1119 3501 valeat
1170 3442 1380 3525 prae
1427 3420 1606 3524 (1),
1663 3416 2122 3523 cujusmodi
2167 3431 2287 3497 est
2331 3414 2590 3497 oratio
2650 3416 2894 3524 hujus
2925 3418 3169 3524 ”loci3
3237 3443 3435 3499 sen-

389 3564 662 3647 tentia
719 3559 1162 3641 clarissima
1223 3575 1398 3664 est,
1443 3558 1589 3641 ubi
1649 3588 1873 3640 more
1934 3574 2212 3641 nostro
2273 3562 2357 3641 id
2413 3560 2887 3671 suppleatur
2928 3562 3147 3673 quod
3207 3583 3439 3640 com-

389 3704 710 3815 paratio
767 3698 1115 3809 postulat
1145 3760 1166 3783 .
1261 3698 1494 3785 Nam
1575 3700 1926 3787 dilectus
1989 3698 2202 3811 prete
2284 3700 2649 3817 quolibet
2730 3698 3031 3786 dilecto
3108 3703 3173 3781 is
3260 3712 3383 3781 est
3410 3775 3439 3823 ,

393 3848 632 3953 cujus
689 3872 967 3929 amore
1025 3845 1137 3925 ita
1197 3845 1374 3955 quis
1437 3846 1804 3954 rapitur,
1891 3856 1987 3925 ut
2065 3842 2275 3927 alius
2349 3847 2489 3959 qui
2560 3845 2745 3955 plus
2816 3858 3139 3929 ametur
3160 3846 3445 3926 ‘inve-

391 3990 566 4073 niri
641 3986 890 4096 possit
949 4012 1197 4066 nemo
1234 4045 1250 4062 .

513 4122 918 4213 Sulamms
1009 4152 1116 4208 10
1210 4116 1578 4207 Dilectus
1665 4148 1896 4211 meus
1981 4120 2389 4207 candidus
2476 4142 2599 4209 est
2678 4142 2760 4211 et
2842 4128 3352 4214 rubicundus
3410 4120 3447 4224 2'

613 4354 636 4381 x
743 4280 1062 4351 erectus
1128 4262 1554 4351 Vexillum
1619 4294 1828 4376 prae
1879 4264 2319 4380 myriade.

627 4408 966 4493 Erectus
1024 4396 1130 4491 in*
1175 4437 1418 4491 cruce
1459 4412 1716 4513 (nam
1761 4436 1966 4519 quae
2012 4408 2112 4489 ad
2171 4409 2395 4493 huuc
2458 4406 2733 4491 locum
2788 4410 3430 4522 adnotavimus,'

360 4554 532 4651 ‚hic
585 4564 942 4660 repetere
1003 4551 1288 4657 juvat)
1351 4568 1661 4637 erectus
1728 4552 1978 4666 igitur
2046 4555 2141 4635 in.
2198 4570 2442 4636 c'ruce
2470 4618 2493 4663 ‚
2574 4570 2823 4667 atque
2880 4556 2995 4637 ita
3066 4552 3423 4659 ‘effectus

389 4691 820 4783 Vexillum
849 4754 874 4805 ,
937 4694 1039 4775 ad
1099 4694 1318 4806 quod
1373 4722 1548 4777 sese
1609 4696 2190 4806 quamplurimi
2258 4698 2665 4809 recipiunt
2694 4756 2723 4809 ‚
2798 4696 2941 4810 qui
3000 4690 3428 4806 abnegant

490 5019 580 5107 (ι)
625 5016 934 5088 monzun.
977 5038 1126 5111 pag.
1175 5024 1328 5103 6η.
