4500 6184
1109 471 1368 559 xxviii
2081 459 2957 558 Patara-rto?

990 611 1268 702 'ditum
1325 628 1494 698 est.
1543 608 1700 694 Cui
1759 615 2019 724 q‘uu'm
2073 615 2440 694 universi
2496 625 2903 717 structura
2962 601 3550 694 describeretur
3602 614 3831 722 juxta
3872 637 4027 706 brar

962 759 1272 841 ‚dinem
1333 755 1688 863 partium
1765 781 2012 866 quem
2083 753 2242 838 sibi
2301 752 2819 838 Ptolemaeus
2894 753 3379 862 effinxerat3
3459 779 3603 838 rex
3677 775 3953 841 autem
3986 821 4011 873 ‚

988 899 1118 1002 yir
1175 895 1480 980 scilicet
1539 895 2052 1015 acutissimus
2089 960 2112 1005 ,
2159 899 2700 980 admiraretur
2752 913 3079 979 tantam
3138 901 3400 982 inesse
3460 903 4016 1011 perturbatio-⁸

989 1068 1248 1148 nem,
1324 1051 1716 1149 quantam
1791 1063 1898 1116 ne
1976 1037 2142 1144 ipse
2205 1037 2537 1148 quidem
2606 1036 2970 1145 sineret,
3046 1041 3115 1118 si
3176 1043 3588 1128 mundum
3660 1047 4024 1128 condere

991 1173 1404 1264 debuisset
1435 1241 1460 1289 ‚
1537 1164 1907 1256 mirifice*
1951 1174 2491 1280 exclamavit,
2568 1201 2799 1282 sese,
2874 1179 2943 1256 si
3012 1175 3187 1260 Deo
3262 1203 3522 1291 quum
3594 1186 4011 1273 mundum

991 1320 1356 1404 condidit
1429 1317 1850 1425 affuisset,
1927 1317 2306 1398 futurum
2380 1317 2625 1401 fuisse
2688 1331 3159 1426 auctorem,
3250 1333 3345 1399 ut
3418 1319 3576 1402 alia
3634 1307 4015 1432 ratione,

985 1461 1415 1572 multoque
1506 1460 2004 1541 ordinatiore
2078 1487 2170 1540 ac
2258 1459 2841 1567 praestantiore
2930 1474 3235 1541 crearet
3280 1517 3299 1538 .
3407 1457 3604 1541 Erat
3686 1461 3831 1545 scil
3854 1465 4013 1544 icet
4138 1441 4155 1456 ⁹

981 1631 1234 1720 ‚causa
1308 1628 1454 1682 cur
1509 1597 1738 1682 illam
1777 1606 2090 1682 ‘rerum
2163 1593 2553 1679 omnium
2627 1593 3324 1705 perturbationem
3400 1601 4007 1717 admiraretur3

992 1771 1140 1828 cur
1188 1743 1538 1835 eandem
1583 1738 1764 1822 Deo
1823 1735 2221 1822 tribueret
2251 1799 2276 1846 ,
2324 1762 2563 1822 causa
2606 1765 2783 1821 non
2828 1755 3052 1849 erat3
3101 1757 3477 1853 recteque
3536 1747 3883 1826 omnino
3924 1777 4028 1836 se-

987 1883 1366 1997 gessisset
1399 1945 1422 1991 ‚
1467 1879 1536 1963 si
1599 1907 1806 1992 quae
1853 1885 2168 1989 putarit
2213 1881 2491 1964 Deum
2534 1881 2765 1964 nullo
2811 1899 2995 1992 apto
3058 1897 3377 1966 rectove
3438 1887 3719 1967 ordine
3776 1913 4015 1984 com-

982 2027 1355 2144 posuisse
1389 2085 1413 2132 ‚
1491 2051 1584 2104 ea
1627 2035 1988 2130 putasset
2031 2049 2202 2103 esse
2263 2029 2729 2104 commenta
2773 2020 3497 2110 Astronomorum·
3550 2027 3703 2136 Qui
3750 2055 4031 2141 quum>

985 2196 1164 2252 non
1225 2171 1496 2249 essent
1557 2163 1970 2274 assequuti
2015 2173 2222 2273 quae
2282 2162 2603 2246 fecisset
2646 2164 2870 2250 Deus
2906 2229 2931 2276 ‚
2990 2168 3269 2252 fecisse
3315 2170 3757 2253 voluerunt
3800 2197 4033 2282 quae·

995 2306 1150 2416 ipsi
1214 2333 1316 2386 ex
1373 2305 1606 2385 omni
1666 2317 1889 2411 parte
1951 2303 2407 2417 indigesta,
2454 2306 2669 2389 male
2728 2323 2967 2420 apta,
3016 2326 3097 2394 et
3151 2314 3461 2432 mirum
3522 2315 3613 2394 in
3671 2311 4025 2426 modum
4072 2290 4075 2294 ⁸

992 2418 1470 2568 perturbata
1526 2445 2154 2526 confinxerunt.
2175 2443 2647 2530 Enimvero
2709 2451 2985 2530 statim
3044 2427 3285 2561 atque
3328 2453 3633 2556 majore
3686 2429 4029 2568 studio,

999 2585 1580 2700 diligentiaque
1643 2586 1948 2666 acriore
2007 2586 2368 2666 universi
2425 2601 2879 2670 structura
2904 2585 3009 2669 ab
3070 2587 3629 2672 Astroncmis
3641 2617 3811 2674 non
3872 2598 4009 2676 in-

999 2729 1286 2812 stituta
1320 2789 1345 2837 ‚
1421 2726 1562 2809 sed
1623 2728 1985 2839 quaesita
2041 2743 2160 2810 est
2190 2789 2214 2836 ‚
2294 2741 2464 2811 tota
2524 2727 2661 2810 illa
2716 2724 3107 2837 Alphonsi
3183 2732 3393 2844 regis
3446 2729 3559 2825 de‘
3608 2727 3785 2813 Deo
3842 2759 4018 2814 non

989 2870 1441 2954 admodum
1527 2869 1932 2979 praeclaro
2007 2873 2341 2954 mundi·
2380 2863 2799 2952 conditore
2872 2870 3355 2951 exclamatio
3406 2869 3945 2979 depulsa-est
3987 2915 4027 2954 ,ι

999 3010 1492 3123 Quanquam
1551 3037 1662 3092 ne
1721 3011 2229 3123 siczquidem'
2288 3013 2573 3109 omnis.
2617 3009 2722 3094 ab
2778 3010 3287 3094 Astronomis
3348 3011 3677 3121 depulsa
3736 3027 3859 3094 est
3914 2987 4027 3096 d&

998 3149 1361 3236 universi
1423 3163 1831 3236 structura
1895 3147 2359 3232 dubitatio„
2386 3149 2665 3233 Nimis
2710 3153 2937 3236 enim
2996 3154 3287 3264 exigua
3332 3167 3455 3234 est
3512 3154 3709 3236 haec
3753 3167 4013 3236 mun—-

995 3293 1078 3372 di
1137 3321 1320 3402 pars
1389 3319 1637 3404 quam
1697 3292 2230 3402 contemplari
2293 3288 2766 3376 hominibus
2825 3291 3063 3373 licet.
3115 3291 3377 3400 Quem
3418 3295 3487 3396 si
3546 3307 3825 3374 totum·
3866 3285 4017 3373 'in-

995 3434 1269 3542 tueri,
1337 3445 1427 3517 et'
1473 3441 1860 3519 numeros
1917 3437 2128 3549 ipsos
2160 3499 2186 3548 ,
2227 3437 2587 3548 pondera
2618 3435 3111 3548 ,‘mensuras
3171 3433 3487 3546 assequi
3543 3457 4009 3544 passerum,

991 3571 1292 3688 quibus
1352 3588 1664 3658 totum.
1693 3579 2156 3662 aedificium
2190 3645 2215 3691 ‚
2260 3573 2487 3687 cujus
2548 3605 2703 3662 nec
2728 3576 2957 3674 'fines
2992 3601 3151 3660 nee
3186 3577 3537 3690 figuram
3580 3577 4023 3681 norimus,-

997 3742 1194 3798 cum
1251 3714 1596 3827 singulis
1661 3719 1831 3798 suis
1907 3698 2273 3826 partibus
2302 3782 2315 3792 .
2343 3719 2887 3828 compositum
2948 3733 3029 3800 et
3060 3709 3777 3831 coagmentatum:
3820 3727 3941 3794 est
3977 3733 4027 3823 9·

994 3856 1435 3940 miraturos
1527 3883 1697 3940 esse
1757 3851 2102 3939 arbitror
2131 3921 2156 3966 ,
2243 3857 2635 3964 homines.
2695 3859 3083 3940 interris
3154 3855 3411 3940 veluti
3498 3859 3588 3936 in
3664 3865 4020 3966 angusto

999 3997 1360 4110 quodam
1421 4021 1820 4106 caecoque
1861 4025 2178 4078 carcere
2235 3996 2695 4084 conclusos
2690 4059 2715 4103 ,
2762 4021 3031 4109 neque
3070 3999 3271 4080 inde
3322 4022 3696 4108 unquam
3738 4021 4015 4108 egres-

993 4163 1125 4224 sos
1155 4199 1180 4246 ‚
1258 4137 1710 4248 quidquam
1763 4137 1986 4217 certi
2061 4131 2793 4218 observationibus?
2829 4153 3169 4219 tantum·
3228 4139 3397 4220 suis
3472 4138 3571 4238 dp
3632 4114 4060 4230 universi·

998 4293 1452 4392 systemate
1511 4291 1982 4389 assequutos
2041 4305 2271 4387 esse,
2270 4280 2804 4362 existimare
2862 4278 3315 4389 aliquando
3354 4279 3759 4388 potuisse.
3842 4336 3857 4347 -

1121 4421 1180 4519 4
1261 4417 1372 4504 Et
1433 4422 1830 4532 quoniam
1867 4420 2618 4504 astronomicarum
2676 4449 2957 4502 rerum
3012 4419 3302 4502 incidit
3368 4419 3737 4528 mentio,
3813 4415 4053 4502 illuct

993 4559 1206 4676 mihi
1261 4561 1542 4644 videor
1597 4561 2017 4666 verissime
2078 4567 2252 4646 esse
2298 4563 2665 4664 dicturus
2696 4622 2723 4669 ‚
2784 4577 3057 4670 patere
3116 4547 3593 4642 hominibus
3624 4623 3656 4670 ,Α
3692 4562 3761 4666 si
3822 4557 4025 4672 qui-i

1001 4703 1193 4786 dem
1251 4700 1562 4813 velint,
1609 4729 1781 4786 non
1838 4705 2252 4789 minorem
2308 4707 2805 4815 optimarum
2862 4717 2943 4783 et
2998 4703 3553 4790 maximarum
3608 4701 4015 4816 cognitio-

996 4868 1215 4926 num
1273 4872 1655 4956 campum
1686 4908 1711 4956 ‚
1801 4873 2006 4959 quae
2063 4847 2335 4929 adhuc
2390 4849 2716 4960 ignotae
2772 4848 3043 4952 jacent
3115 4857 3357 4955 atque
3416 4842 3827 4956 neglectae
3858 4904 3880 4948 ,
3961 4871 4013 4928 a

1003 4985 1694 5142 contemplatione
1755 5013 2170 5074 sacrarum
2223 4983 2745 5102 Literarum‚
2812 5013 3061 5102 quam
3128 4983 3635 5099 Astronomis
3700 5013 4013 5102 acon-
